order_id,pizza_name_id,quantity,pizza_size_id,order_date_id,order_time,cust_id,restaurant_id,per_pizza_price
1,hawaiian_m,1,size2,1,11:38:36,248,res10,13.25
2,classic_dlx_m,1,size2,2,11:57:40,149,res12,16
2,five_cheese_l,1,size1,2,11:57:40,149,res12,18.5
2,ital_supr_l,1,size1,2,11:57:40,149,res12,20.75
2,mexicana_m,1,size2,2,11:57:40,149,res12,16
2,thai_ckn_l,1,size1,2,11:57:40,149,res12,20.75
3,ital_supr_m,1,size2,3,12:12:28,327,res8,16.5
3,prsc_argla_l,1,size1,3,12:12:28,327,res8,20.75
4,ital_supr_m,1,size2,4,12:16:31,319,res9,16.5
5,ital_supr_m,1,size2,5,12:21:30,489,res14,16.5
6,bbq_ckn_s,1,size3,6,12:29:36,20,res6,12.75
6,the_greek_s,1,size3,6,12:29:36,20,res6,12
7,spinach_supr_s,1,size3,7,12:50:37,188,res10,12.5
8,spinach_supr_s,1,size3,8,12:51:37,398,res16,12.5
9,classic_dlx_s,1,size3,9,12:52:01,76,res2,12
9,green_garden_s,1,size3,9,12:52:01,76,res2,12
9,ital_cpcllo_l,1,size1,9,12:52:01,76,res2,20.5
9,ital_supr_l,1,size1,9,12:52:01,76,res2,20.75
9,ital_supr_s,1,size3,9,12:52:01,76,res2,12.5
9,mexicana_s,1,size3,9,12:52:01,76,res2,12
9,spicy_ital_l,1,size1,9,12:52:01,76,res2,20.75
9,spin_pesto_l,1,size1,9,12:52:01,76,res2,20.75
9,veggie_veg_s,1,size3,9,12:52:01,76,res2,12
10,mexicana_l,1,size1,10,13:00:15,290,res9,20.25
10,southw_ckn_l,1,size1,10,13:00:15,290,res9,20.75
11,bbq_ckn_l,1,size1,11,13:02:59,19,res5,20.75
11,cali_ckn_l,1,size1,11,13:02:59,19,res5,20.75
11,cali_ckn_m,1,size2,11,13:02:59,19,res5,16.75
11,pepperoni_l,1,size1,11,13:02:59,19,res5,15.25
12,cali_ckn_l,1,size1,12,13:04:41,214,res8,20.75
12,cali_ckn_s,1,size3,12,13:04:41,214,res8,12.75
12,ckn_pesto_l,1,size1,12,13:04:41,214,res8,20.75
12,ital_supr_m,1,size2,12,13:04:41,214,res8,16.5
13,mexicana_l,1,size1,13,13:11:55,214,res8,20.25
14,the_greek_s,1,size3,14,13:14:19,475,res13,12
15,big_meat_s,1,size3,15,13:33:00,346,res11,12
15,five_cheese_l,1,size1,15,13:33:00,346,res11,18.5
15,soppressata_l,1,size1,15,13:33:00,346,res11,20.75
15,the_greek_s,1,size3,15,13:33:00,346,res11,12
16,four_cheese_l,1,size1,16,13:34:07,485,res17,17.95
16,napolitana_s,1,size3,16,13:34:07,485,res17,12
16,thai_ckn_l,1,size1,16,13:34:07,485,res17,20.75
17,bbq_ckn_l,1,size1,17,13:53:00,293,res9,20.75
17,calabrese_m,1,size2,17,13:53:00,293,res9,16.25
17,five_cheese_l,1,size1,17,13:53:00,293,res9,18.5
17,four_cheese_m,1,size2,17,13:53:00,293,res9,14.75
17,ital_supr_m,1,size2,17,13:53:00,293,res9,16.5
17,ital_veggie_s,1,size3,17,13:53:00,293,res9,12.75
17,mediterraneo_m,2,size2,17,13:53:00,293,res9,32
17,mexicana_l,1,size1,17,13:53:00,293,res9,20.25
17,peppr_salami_s,1,size3,17,13:53:00,293,res9,12.5
17,spinach_fet_l,1,size1,17,13:53:00,293,res9,20.25
18,napolitana_l,1,size1,18,13:57:08,34,res1,20.5
19,ital_cpcllo_l,1,size1,19,13:59:09,411,res13,20.5
19,sicilian_l,1,size1,19,13:59:09,411,res13,20.25
20,big_meat_s,1,size3,20,14:03:08,141,res12,12
20,five_cheese_l,1,size1,20,14:03:08,141,res12,18.5
21,ital_cpcllo_l,1,size1,21,14:14:29,351,res12,20.5
22,five_cheese_l,1,size1,22,14:16:26,394,res16,18.5
22,ital_cpcllo_m,1,size2,22,14:16:26,394,res16,16
22,southw_ckn_l,1,size1,22,14:16:26,394,res16,20.75
23,southw_ckn_s,1,size3,23,14:19:03,147,res11,12.75
24,bbq_ckn_m,1,size2,24,14:23:01,47,res3,16.75
24,ital_cpcllo_m,1,size2,24,14:23:01,47,res3,16
24,pepperoni_m,1,size2,24,14:23:01,47,res3,12.5
24,prsc_argla_s,1,size3,24,14:23:01,47,res3,12.5
25,sicilian_m,1,size2,25,14:44:44,336,res9,16.25
25,thai_ckn_l,1,size1,25,14:44:44,336,res9,20.75
26,classic_dlx_s,1,size3,26,14:54:26,248,res9,12
26,veggie_veg_l,1,size1,26,14:54:26,248,res9,20.25
27,bbq_ckn_l,1,size1,27,15:11:17,369,res13,20.75
27,classic_dlx_m,1,size2,27,15:11:17,369,res13,16
27,spinach_fet_l,1,size1,27,15:11:17,369,res13,20.25
28,ckn_alfredo_s,1,size3,28,15:35:46,214,res8,12.75
29,green_garden_s,1,size3,29,15:41:01,501,res14,12
30,thai_ckn_l,1,size1,30,15:41:25,124,res11,20.75
31,mexicana_m,1,size2,31,15:50:18,439,res17,16
31,pepperoni_s,1,size3,31,15:50:18,439,res17,9.75
32,big_meat_s,1,size3,32,15:53:18,190,res9,12
32,green_garden_l,1,size1,32,15:53:18,190,res9,20.25
32,ital_cpcllo_l,1,size1,32,15:53:18,190,res9,20.5
32,ital_supr_m,1,size2,32,15:53:18,190,res9,16.5
33,bbq_ckn_l,1,size1,33,15:54:08,279,res9,20.75
33,green_garden_s,1,size3,33,15:54:08,279,res9,12
34,the_greek_s,1,size3,34,16:21:21,159,res8,12
35,green_garden_m,1,size2,35,16:32:04,17,res5,16
35,pep_msh_pep_l,1,size1,35,16:32:04,17,res5,17.5
35,pepperoni_m,1,size2,35,16:32:04,17,res5,12.5
35,thai_ckn_l,1,size1,35,16:32:04,17,res5,20.75
36,bbq_ckn_m,1,size2,36,16:54:09,222,res12,16.75
36,classic_dlx_m,1,size2,36,16:54:09,222,res12,16
37,ital_supr_l,1,size1,37,16:56:09,214,res10,20.75
37,mexicana_l,1,size1,37,16:56:09,214,res10,20.25
38,hawaiian_s,1,size3,38,17:03:00,267,res11,10.5
38,ital_cpcllo_l,1,size1,38,17:03:00,267,res11,20.5
39,ital_supr_l,1,size1,39,17:07:23,65,res5,20.75
40,four_cheese_l,1,size1,40,17:14:36,260,res12,17.95
40,southw_ckn_s,1,size3,40,17:14:36,260,res12,12.75
41,four_cheese_m,1,size2,41,17:15:20,403,res13,14.75
41,green_garden_s,1,size3,41,17:15:20,403,res13,12
42,big_meat_s,1,size3,42,17:28:09,407,res16,12
42,five_cheese_l,1,size1,42,17:28:09,407,res16,18.5
42,mexicana_l,1,size1,42,17:28:09,407,res16,20.25
42,peppr_salami_m,1,size2,42,17:28:09,407,res16,16.5
43,ckn_alfredo_m,1,size2,43,17:38:34,27,res5,16.75
43,ital_supr_m,1,size2,43,17:38:34,27,res5,16.5
43,peppr_salami_l,1,size1,43,17:38:34,27,res5,20.75
44,spin_pesto_s,1,size3,44,17:54:20,362,res14,12.5
45,four_cheese_l,1,size1,45,17:55:48,195,res12,17.95
45,hawaiian_s,1,size3,45,17:55:48,195,res12,10.5
45,thai_ckn_m,1,size2,45,17:55:48,195,res12,16.75
46,ckn_pesto_l,1,size1,46,18:25:51,126,res11,20.75
46,classic_dlx_l,1,size1,46,18:25:51,126,res11,20.5
46,thai_ckn_m,1,size2,46,18:25:51,126,res11,16.75
47,southw_ckn_l,1,size1,47,18:26:34,477,res16,20.75
47,veggie_veg_s,1,size3,47,18:26:34,477,res16,12
48,ckn_pesto_m,1,size2,48,18:26:42,166,res8,16.75
48,green_garden_s,1,size3,48,18:26:42,166,res8,12
48,prsc_argla_l,1,size1,48,18:26:42,166,res8,20.75
48,spicy_ital_l,1,size1,48,18:26:42,166,res8,20.75
49,sicilian_l,1,size1,49,18:33:00,340,res8,20.25
50,the_greek_xl,1,size4,50,18:41:01,365,res14,25.5
51,bbq_ckn_l,1,size1,51,18:48:28,203,res10,20.75
51,pep_msh_pep_l,1,size1,51,18:48:28,203,res10,17.5
52,hawaiian_l,1,size1,52,18:53:02,249,res8,16.5
52,mexicana_l,1,size1,52,18:53:02,249,res8,20.25
52,spicy_ital_l,1,size1,52,18:53:02,249,res8,20.75
53,pep_msh_pep_s,1,size3,53,18:54:17,399,res14,11
53,spinach_supr_m,1,size2,53,18:54:17,399,res14,16.5
54,prsc_argla_m,1,size2,54,19:01:45,50,res5,16.5
54,thai_ckn_l,1,size1,54,19:01:45,50,res5,20.75
55,peppr_salami_s,1,size3,55,19:03:19,57,res5,12.5
55,spicy_ital_l,1,size1,55,19:03:19,57,res5,20.75
56,classic_dlx_m,1,size2,56,19:07:00,324,res10,16
56,mediterraneo_l,1,size1,56,19:07:00,324,res10,20.25
56,southw_ckn_m,1,size2,56,19:07:00,324,res10,16.75
57,classic_dlx_m,1,size2,57,19:10:51,340,res8,16
58,five_cheese_l,1,size1,58,19:30:40,305,res11,18.5
58,pepperoni_m,1,size2,58,19:30:40,305,res11,12.5
59,ital_veggie_s,1,size3,59,19:40:08,325,res8,12.75
59,pep_msh_pep_s,1,size3,59,19:40:08,325,res8,11
59,pepperoni_l,1,size1,59,19:40:08,325,res8,15.25
60,ckn_pesto_l,1,size1,60,20:05:16,37,res7,20.75
60,four_cheese_m,1,size2,60,20:05:16,37,res7,14.75
61,bbq_ckn_m,1,size2,61,20:08:43,61,res2,16.75
61,ital_supr_l,1,size1,61,20:08:43,61,res2,20.75
62,bbq_ckn_m,1,size2,62,20:50:16,267,res8,16.75
62,spinach_supr_m,1,size2,62,20:50:16,267,res8,16.5
63,pep_msh_pep_m,1,size2,63,20:51:42,14,res1,14.5
64,big_meat_s,1,size3,64,20:52:08,188,res11,12
65,pep_msh_pep_s,1,size3,65,21:16:00,494,res14,11
65,sicilian_s,1,size3,65,21:16:00,494,res14,12.25
65,spicy_ital_s,1,size3,65,21:16:00,494,res14,12.5
65,spinach_supr_m,1,size2,65,21:16:00,494,res14,16.5
66,classic_dlx_m,1,size2,66,21:47:55,342,res12,16
66,ital_cpcllo_m,1,size2,66,21:47:55,342,res12,16
67,southw_ckn_l,1,size1,67,22:03:40,295,res12,20.75
68,classic_dlx_m,1,size2,68,22:07:32,400,res15,16
68,ital_supr_l,1,size1,68,22:07:32,400,res15,20.75
68,ital_supr_m,1,size2,68,22:07:32,400,res15,16.5
69,bbq_ckn_l,1,size1,69,22:12:13,246,res9,20.75
70,ital_veggie_s,1,size3,70,11:38:51,469,res14,12.75
70,soppressata_l,1,size1,70,11:38:51,469,res14,20.75
71,thai_ckn_l,1,size1,71,11:40:50,456,res15,20.75
72,spinach_fet_l,1,size1,72,11:57:25,363,res14,20.25
73,thai_ckn_s,1,size3,73,11:58:56,266,res11,12.75
74,five_cheese_l,1,size1,74,12:01:12,88,res3,18.5
74,mexicana_l,1,size1,74,12:01:12,88,res3,20.25
74,spin_pesto_s,1,size3,74,12:01:12,88,res3,12.5
74,spinach_supr_l,1,size1,74,12:01:12,88,res3,20.75
75,ital_supr_s,1,size3,75,12:10:15,215,res9,12.5
75,mediterraneo_l,1,size1,75,12:10:15,215,res9,20.25
75,napolitana_l,1,size1,75,12:10:15,215,res9,20.5
76,big_meat_s,1,size3,76,12:21:17,393,res16,12
76,hawaiian_l,1,size1,76,12:21:17,393,res16,16.5
76,ital_veggie_l,1,size1,76,12:21:17,393,res16,21
76,spicy_ital_l,1,size1,76,12:21:17,393,res16,20.75
77,bbq_ckn_m,1,size2,77,12:22:46,182,res8,16.75
77,hawaiian_m,1,size2,77,12:22:46,182,res8,13.25
78,big_meat_s,1,size3,78,12:28:14,244,res11,12
78,classic_dlx_s,1,size3,78,12:28:14,244,res11,12
78,four_cheese_l,1,size1,78,12:28:14,244,res11,17.95
78,ital_cpcllo_m,1,size2,78,12:28:14,244,res11,16
78,spicy_ital_l,3,size1,78,12:28:14,244,res11,62.25
78,thai_ckn_s,1,size3,78,12:28:14,244,res11,12.75
79,ital_cpcllo_l,1,size1,79,12:29:11,77,res1,20.5
79,pep_msh_pep_s,1,size3,79,12:29:11,77,res1,11
79,thai_ckn_l,1,size1,79,12:29:11,77,res1,20.75
80,pepperoni_s,1,size3,80,12:35:38,89,res2,9.75
80,thai_ckn_m,1,size2,80,12:35:38,89,res2,16.75
81,thai_ckn_l,1,size1,81,12:40:01,351,res10,20.75
82,big_meat_s,1,size3,82,12:45:51,403,res14,12
82,cali_ckn_m,1,size2,82,12:45:51,403,res14,16.75
82,spicy_ital_l,1,size1,82,12:45:51,403,res14,20.75
82,veggie_veg_m,1,size2,82,12:45:51,403,res14,16
83,southw_ckn_s,1,size3,83,12:53:27,60,res1,12.75
84,pepperoni_l,1,size1,84,13:13:41,275,res10,15.25
85,classic_dlx_m,1,size2,85,13:34:49,501,res16,16
85,classic_dlx_s,1,size3,85,13:34:49,501,res16,12
85,ital_supr_l,1,size1,85,13:34:49,501,res16,20.75
85,the_greek_m,1,size2,85,13:34:49,501,res16,16
86,hawaiian_l,1,size1,86,13:40:31,314,res9,16.5
87,ital_cpcllo_m,1,size2,87,14:01:02,290,res8,16
87,mexicana_m,1,size2,87,14:01:02,290,res8,16
87,spinach_supr_l,1,size1,87,14:01:02,290,res8,20.75
87,spinach_supr_s,1,size3,87,14:01:02,290,res8,12.5
88,five_cheese_l,1,size1,88,14:10:08,419,res15,18.5
89,soppressata_l,1,size1,89,14:30:19,399,res14,20.75
89,thai_ckn_l,1,size1,89,14:30:19,399,res14,20.75
90,sicilian_l,1,size1,90,15:08:48,365,res16,20.25
90,thai_ckn_s,1,size3,90,15:08:48,365,res16,12.75
91,bbq_ckn_l,2,size1,91,15:14:43,191,res9,41.5
91,ckn_pesto_s,1,size3,91,15:14:43,191,res9,12.75
91,pepperoni_s,1,size3,91,15:14:43,191,res9,9.75
92,bbq_ckn_m,1,size2,92,15:17:02,90,res1,16.75
92,ital_supr_l,1,size1,92,15:17:02,90,res1,20.75
92,ital_supr_m,1,size2,92,15:17:02,90,res1,16.5
92,ital_veggie_s,1,size3,92,15:17:02,90,res1,12.75
92,pepperoni_m,1,size2,92,15:17:02,90,res1,12.5
92,peppr_salami_m,1,size2,92,15:17:02,90,res1,16.5
92,spinach_fet_s,1,size3,92,15:17:02,90,res1,12
92,spinach_supr_s,1,size3,92,15:17:02,90,res1,12.5
92,the_greek_m,2,size2,92,15:17:02,90,res1,32
93,sicilian_m,1,size2,93,15:29:31,3,res2,16.25
94,ital_cpcllo_m,1,size2,94,16:17:16,111,res3,16
94,southw_ckn_s,1,size3,94,16:17:16,111,res3,12.75
95,napolitana_s,1,size3,95,16:18:04,5,res4,12
95,peppr_salami_l,1,size1,95,16:18:04,5,res4,20.75
96,napolitana_s,1,size3,96,16:21:20,423,res15,12
97,big_meat_s,1,size3,97,16:45:33,204,res8,12
98,classic_dlx_l,1,size1,98,17:18:18,297,res12,20.5
98,napolitana_l,1,size1,98,17:18:18,297,res12,20.5
99,ital_supr_l,1,size1,99,17:45:42,39,res2,20.75
100,hawaiian_l,1,size1,100,17:46:17,125,res8,16.5
101,cali_ckn_l,1,size1,101,17:51:33,4,res4,20.75
101,pepperoni_l,1,size1,101,17:51:33,4,res4,15.25
101,soppressata_l,1,size1,101,17:51:33,4,res4,20.75
101,spicy_ital_m,1,size2,101,17:51:33,4,res4,16.5
102,bbq_ckn_s,1,size3,102,17:54:04,199,res11,12.75
102,prsc_argla_s,1,size3,102,17:54:04,199,res11,12.5
103,spinach_supr_s,1,size3,103,18:02:09,347,res9,12.5
104,bbq_ckn_m,1,size2,104,18:02:12,132,res11,16.75
104,ckn_alfredo_m,1,size2,104,18:02:12,132,res11,16.75
104,ital_veggie_m,1,size2,104,18:02:12,132,res11,16.75
104,veggie_veg_l,1,size1,104,18:02:12,132,res11,20.25
105,hawaiian_s,2,size3,105,18:12:01,17,res4,21
105,pepperoni_l,1,size1,105,18:12:01,17,res4,15.25
105,prsc_argla_m,1,size2,105,18:12:01,17,res4,16.5
106,mexicana_l,1,size1,106,18:12:13,286,res12,20.25
106,spicy_ital_l,1,size1,106,18:12:13,286,res12,20.75
107,cali_ckn_l,1,size1,107,18:25:09,487,res14,20.75
107,ital_supr_m,1,size2,107,18:25:09,487,res14,16.5
107,spicy_ital_l,1,size1,107,18:25:09,487,res14,20.75
107,veggie_veg_l,1,size1,107,18:25:09,487,res14,20.25
108,classic_dlx_l,1,size1,108,18:25:25,194,res10,20.5
108,hawaiian_l,1,size1,108,18:25:25,194,res10,16.5
108,spinach_supr_l,1,size1,108,18:25:25,194,res10,20.75
109,ital_cpcllo_l,1,size1,109,18:27:50,328,res9,20.5
109,ital_supr_l,1,size1,109,18:27:50,328,res9,20.75
109,pepperoni_m,1,size2,109,18:27:50,328,res9,12.5
109,prsc_argla_l,1,size1,109,18:27:50,328,res9,20.75
110,big_meat_s,1,size3,110,18:36:19,284,res11,12
110,napolitana_l,1,size1,110,18:36:19,284,res11,20.5
110,soppressata_l,1,size1,110,18:36:19,284,res11,20.75
110,spicy_ital_s,1,size3,110,18:36:19,284,res11,12.5
111,cali_ckn_m,1,size2,111,18:38:01,50,res2,16.75
111,five_cheese_l,1,size1,111,18:38:01,50,res2,18.5
111,pepperoni_m,1,size2,111,18:38:01,50,res2,12.5
111,spin_pesto_l,1,size1,111,18:38:01,50,res2,20.75
112,pepperoni_s,1,size3,112,18:41:40,432,res15,9.75
113,cali_ckn_l,1,size1,113,18:50:21,157,res10,20.75
113,mexicana_l,1,size1,113,18:50:21,157,res10,20.25
113,southw_ckn_m,1,size2,113,18:50:21,157,res10,16.75
114,pepperoni_l,1,size1,114,18:59:32,324,res8,15.25
114,sicilian_s,1,size3,114,18:59:32,324,res8,12.25
115,big_meat_s,1,size3,115,19:05:17,305,res9,12
115,napolitana_l,1,size1,115,19:05:17,305,res9,20.5
115,thai_ckn_m,1,size2,115,19:05:17,305,res9,16.75
116,five_cheese_l,1,size1,116,19:18:49,221,res10,18.5
117,peppr_salami_m,1,size2,117,19:23:02,131,res8,16.5
117,sicilian_l,1,size1,117,19:23:02,131,res8,20.25
118,prsc_argla_l,1,size1,118,19:26:59,97,res4,20.75
118,spinach_fet_s,1,size3,118,19:26:59,97,res4,12
119,four_cheese_m,1,size2,119,19:32:29,460,res14,14.75
120,classic_dlx_s,1,size3,120,19:35:07,107,res1,12
120,hawaiian_s,1,size3,120,19:35:07,107,res1,10.5
120,spinach_fet_l,1,size1,120,19:35:07,107,res1,20.25
121,bbq_ckn_m,1,size2,121,19:38:48,340,res10,16.75
121,four_cheese_l,1,size1,121,19:38:48,340,res10,17.95
121,sicilian_l,1,size1,121,19:38:48,340,res10,20.25
121,southw_ckn_l,1,size1,121,19:38:48,340,res10,20.75
122,ital_supr_m,1,size2,122,19:50:19,223,res10,16.5
123,ital_cpcllo_s,1,size3,123,20:12:09,388,res15,12
124,bbq_ckn_s,1,size3,124,20:12:34,46,res7,12.75
124,sicilian_l,1,size1,124,20:12:34,46,res7,20.25
124,spicy_ital_l,1,size1,124,20:12:34,46,res7,20.75
124,the_greek_s,1,size3,124,20:12:34,46,res7,12
125,the_greek_xl,1,size4,125,20:31:06,341,res12,25.5
126,veggie_veg_l,1,size1,126,20:53:42,325,res11,20.25
127,pepperoni_m,1,size2,127,20:58:23,416,res16,12.5
128,spicy_ital_s,1,size3,128,21:05:06,151,res8,12.5
129,big_meat_s,1,size3,129,21:13:02,307,res8,12
129,the_greek_m,1,size2,129,21:13:02,307,res8,16
130,hawaiian_s,1,size3,130,21:14:55,190,res9,10.5
130,ital_cpcllo_l,1,size1,130,21:14:55,190,res9,20.5
130,mexicana_m,1,size2,130,21:14:55,190,res9,16
130,southw_ckn_s,1,size3,130,21:14:55,190,res9,12.75
131,ckn_pesto_l,1,size1,131,21:33:10,217,res8,20.75
131,five_cheese_l,1,size1,131,21:33:10,217,res8,18.5
131,green_garden_s,1,size3,131,21:33:10,217,res8,12
131,spinach_supr_s,1,size3,131,21:33:10,217,res8,12.5
132,pepperoni_s,1,size3,132,21:42:45,240,res9,9.75
133,bbq_ckn_l,1,size1,133,22:00:17,182,res8,20.75
133,hawaiian_l,1,size1,133,22:00:17,182,res8,16.5
133,the_greek_s,1,size3,133,22:00:17,182,res8,12
134,big_meat_s,1,size3,134,22:13:24,331,res11,12
134,southw_ckn_l,1,size1,134,22:13:24,331,res11,20.75
134,spinach_supr_s,1,size3,134,22:13:24,331,res11,12.5
135,veggie_veg_l,1,size1,135,22:29:34,253,res10,20.25
136,five_cheese_l,1,size1,136,22:32:49,249,res9,18.5
136,peppr_salami_s,1,size3,136,22:32:49,249,res9,12.5
137,mediterraneo_l,1,size1,137,11:34:10,6,res4,20.25
137,pepperoni_s,1,size3,137,11:34:10,6,res4,9.75
137,spicy_ital_m,1,size2,137,11:34:10,6,res4,16.5
138,cali_ckn_m,1,size2,138,11:44:50,211,res11,16.75
138,four_cheese_l,1,size1,138,11:44:50,211,res11,17.95
138,ital_veggie_l,1,size1,138,11:44:50,211,res11,21
138,sicilian_m,1,size2,138,11:44:50,211,res11,16.25
139,five_cheese_l,1,size1,139,11:57:39,75,res3,18.5
140,prsc_argla_s,1,size3,140,12:26:44,66,res1,12.5
140,veggie_veg_m,1,size2,140,12:26:44,66,res1,16
141,classic_dlx_m,1,size2,141,13:16:01,106,res5,16
142,green_garden_m,1,size2,142,13:33:59,164,res9,16
143,cali_ckn_s,1,size3,143,13:41:36,208,res8,12.75
143,classic_dlx_s,1,size3,143,13:41:36,208,res8,12
143,hawaiian_l,1,size1,143,13:41:36,208,res8,16.5
143,mexicana_m,1,size2,143,13:41:36,208,res8,16
143,pepperoni_l,1,size1,143,13:41:36,208,res8,15.25
143,prsc_argla_s,1,size3,143,13:41:36,208,res8,12.5
143,thai_ckn_l,1,size1,143,13:41:36,208,res8,20.75
143,veggie_veg_m,1,size2,143,13:41:36,208,res8,16
144,bbq_ckn_m,3,size2,144,13:44:28,47,res3,50.25
144,big_meat_s,1,size3,144,13:44:28,47,res3,12
144,cali_ckn_l,1,size1,144,13:44:28,47,res3,20.75
144,ckn_pesto_m,1,size2,144,13:44:28,47,res3,16.75
144,five_cheese_l,1,size1,144,13:44:28,47,res3,18.5
144,four_cheese_l,1,size1,144,13:44:28,47,res3,17.95
144,pep_msh_pep_s,1,size3,144,13:44:28,47,res3,11
144,southw_ckn_l,1,size1,144,13:44:28,47,res3,20.75
144,southw_ckn_s,1,size3,144,13:44:28,47,res3,12.75
144,spicy_ital_l,1,size1,144,13:44:28,47,res3,20.75
144,thai_ckn_m,1,size2,144,13:44:28,47,res3,16.75
144,veggie_veg_l,1,size1,144,13:44:28,47,res3,20.25
145,the_greek_s,1,size3,145,13:53:48,167,res9,12
146,cali_ckn_l,1,size1,146,14:22:10,46,res7,20.75
146,four_cheese_m,1,size2,146,14:22:10,46,res7,14.75
146,hawaiian_m,1,size2,146,14:22:10,46,res7,13.25
147,the_greek_xl,1,size4,147,14:32:51,10,res6,25.5
148,mediterraneo_s,1,size3,148,14:40:42,404,res16,12
149,spinach_fet_m,1,size2,149,14:48:45,231,res10,16
150,pepperoni_m,1,size2,150,14:49:58,389,res16,12.5
151,southw_ckn_l,1,size1,151,15:09:34,469,res13,20.75
151,spinach_supr_s,1,size3,151,15:09:34,469,res13,12.5
152,hawaiian_s,1,size3,152,15:09:42,452,res13,10.5
152,spinach_fet_l,1,size1,152,15:09:42,452,res13,20.25
152,thai_ckn_s,1,size3,152,15:09:42,452,res13,12.75
152,the_greek_m,1,size2,152,15:09:42,452,res13,16
153,mexicana_m,1,size2,153,15:16:34,484,res15,16
154,prsc_argla_s,1,size3,154,15:22:43,354,res10,12.5
155,ckn_pesto_s,1,size3,155,15:28:59,46,res7,12.75
155,napolitana_l,1,size1,155,15:28:59,46,res7,20.5
155,pepperoni_l,1,size1,155,15:28:59,46,res7,15.25
155,peppr_salami_l,1,size1,155,15:28:59,46,res7,20.75
156,napolitana_m,1,size2,156,15:42:19,7,res6,16
156,thai_ckn_l,1,size1,156,15:42:19,7,res6,20.75
157,ital_supr_l,1,size1,157,15:43:03,55,res4,20.75
157,mediterraneo_m,1,size2,157,15:43:03,55,res4,16
157,sicilian_m,1,size2,157,15:43:03,55,res4,16.25
157,spin_pesto_m,1,size2,157,15:43:03,55,res4,16.5
158,ital_veggie_m,1,size2,158,15:54:30,353,res11,16.75
158,thai_ckn_m,1,size2,158,15:54:30,353,res11,16.75
159,four_cheese_l,1,size1,159,15:59:22,347,res12,17.95
159,thai_ckn_m,1,size2,159,15:59:22,347,res12,16.75
160,classic_dlx_m,1,size2,160,16:35:33,72,res3,16
161,hawaiian_s,1,size3,161,16:43:46,493,res15,10.5
161,spicy_ital_m,1,size2,161,16:43:46,493,res15,16.5
161,the_greek_xl,1,size4,161,16:43:46,493,res15,25.5
162,big_meat_s,1,size3,162,16:51:22,298,res10,12
163,hawaiian_m,1,size2,163,16:54:54,359,res15,13.25
163,pepperoni_l,1,size1,163,16:54:54,359,res15,15.25
163,the_greek_m,1,size2,163,16:54:54,359,res15,16
164,cali_ckn_l,1,size1,164,16:56:33,477,res15,20.75
164,pepperoni_m,1,size2,164,16:56:33,477,res15,12.5
165,prsc_argla_m,1,size2,165,16:57:37,104,res7,16.5
166,prsc_argla_s,1,size3,166,16:58:51,415,res14,12.5
167,bbq_ckn_l,1,size1,167,17:00:49,67,res1,20.75
167,ital_supr_m,1,size2,167,17:00:49,67,res1,16.5
167,pepperoni_m,1,size2,167,17:00:49,67,res1,12.5
168,big_meat_s,1,size3,168,17:02:27,28,res3,12
168,veggie_veg_m,1,size2,168,17:02:27,28,res3,16
169,four_cheese_l,1,size1,169,17:15:48,204,res9,17.95
169,ital_cpcllo_s,1,size3,169,17:15:48,204,res9,12
169,sicilian_m,1,size2,169,17:15:48,204,res9,16.25
170,hawaiian_l,1,size1,170,17:21:31,423,res14,16.5
171,napolitana_m,1,size2,171,17:23:03,417,res13,16
172,napolitana_s,1,size3,172,17:29:24,260,res8,12
172,spinach_supr_m,1,size2,172,17:29:24,260,res8,16.5
172,thai_ckn_l,1,size1,172,17:29:24,260,res8,20.75
173,cali_ckn_m,1,size2,173,17:35:30,36,res5,16.75
173,classic_dlx_m,1,size2,173,17:35:30,36,res5,16
173,veggie_veg_l,1,size1,173,17:35:30,36,res5,20.25
174,big_meat_s,1,size3,174,17:37:49,227,res8,12
174,cali_ckn_l,1,size1,174,17:37:49,227,res8,20.75
174,cali_ckn_m,1,size2,174,17:37:49,227,res8,16.75
174,ital_cpcllo_m,1,size2,174,17:37:49,227,res8,16
175,ital_supr_l,1,size1,175,17:50:51,299,res8,20.75
176,cali_ckn_l,1,size1,176,17:51:57,470,res14,20.75
176,peppr_salami_m,1,size2,176,17:51:57,470,res14,16.5
177,napolitana_s,1,size3,177,17:54:36,293,res10,12
177,thai_ckn_l,1,size1,177,17:54:36,293,res10,20.75
178,peppr_salami_l,1,size1,178,18:15:03,344,res8,20.75
179,hawaiian_l,1,size1,179,18:20:14,12,res6,16.5
179,sicilian_m,1,size2,179,18:20:14,12,res6,16.25
179,veggie_veg_s,1,size3,179,18:20:14,12,res6,12
180,classic_dlx_l,1,size1,180,18:33:34,97,res5,20.5
180,prsc_argla_l,1,size1,180,18:33:34,97,res5,20.75
181,mexicana_l,1,size1,181,18:49:32,24,res3,20.25
182,brie_carre_s,1,size3,182,18:50:10,265,res12,23.65
182,peppr_salami_l,1,size1,182,18:50:10,265,res12,20.75
183,napolitana_m,1,size2,183,18:54:55,377,res13,16
183,spin_pesto_l,1,size1,183,18:54:55,377,res13,20.75
183,spin_pesto_s,1,size3,183,18:54:55,377,res13,12.5
184,hawaiian_l,1,size1,184,18:59:05,149,res11,16.5
185,sicilian_m,1,size2,185,19:08:33,233,res9,16.25
185,spin_pesto_s,1,size3,185,19:08:33,233,res9,12.5
186,mexicana_l,1,size1,186,19:36:00,172,res8,20.25
186,southw_ckn_l,1,size1,186,19:36:00,172,res8,20.75
186,spin_pesto_l,1,size1,186,19:36:00,172,res8,20.75
186,thai_ckn_l,1,size1,186,19:36:00,172,res8,20.75
187,five_cheese_l,1,size1,187,19:37:12,197,res11,18.5
187,spin_pesto_l,1,size1,187,19:37:12,197,res11,20.75
188,five_cheese_l,1,size1,188,20:08:39,78,res3,18.5
188,pepperoni_s,1,size3,188,20:08:39,78,res3,9.75
188,peppr_salami_l,1,size1,188,20:08:39,78,res3,20.75
189,big_meat_s,2,size3,189,20:12:14,423,res14,24
189,thai_ckn_s,1,size3,189,20:12:14,423,res14,12.75
190,bbq_ckn_l,1,size1,190,20:14:23,475,res13,20.75
190,four_cheese_m,1,size2,190,20:14:23,475,res13,14.75
190,pep_msh_pep_s,1,size3,190,20:14:23,475,res13,11
190,prsc_argla_l,1,size1,190,20:14:23,475,res13,20.75
191,cali_ckn_l,1,size1,191,20:24:50,427,res13,20.75
191,ckn_alfredo_m,1,size2,191,20:24:50,427,res13,16.75
192,sicilian_s,1,size3,192,20:30:08,418,res13,12.25
192,southw_ckn_l,1,size1,192,20:30:08,418,res13,20.75
193,big_meat_s,1,size3,193,20:55:47,48,res7,12
193,cali_ckn_m,1,size2,193,20:55:47,48,res7,16.75
193,ckn_alfredo_l,2,size1,193,20:55:47,48,res7,41.5
194,bbq_ckn_s,1,size3,194,21:21:24,75,res4,12.75
195,bbq_ckn_l,1,size1,195,21:25:20,2,res7,20.75
196,sicilian_s,1,size3,196,21:40:14,383,res15,12.25
196,spicy_ital_m,1,size2,196,21:40:14,383,res15,16.5
196,veggie_veg_m,1,size2,196,21:40:14,383,res15,16
197,four_cheese_l,1,size1,197,21:47:48,384,res16,17.95
197,ital_cpcllo_l,1,size1,197,21:47:48,384,res16,20.5
197,ital_veggie_l,1,size1,197,21:47:48,384,res16,21
197,soppressata_l,1,size1,197,21:47:48,384,res16,20.75
198,big_meat_s,1,size3,198,21:55:42,103,res1,12
198,ckn_alfredo_l,1,size1,198,21:55:42,103,res1,20.75
199,ckn_alfredo_m,1,size2,199,22:10:38,242,res10,16.75
200,the_greek_xl,1,size4,200,22:24:05,115,res4,25.5
201,calabrese_m,1,size2,201,22:29:59,367,res16,16.25
201,ckn_pesto_l,1,size1,201,22:29:59,367,res16,20.75
201,ital_supr_l,1,size1,201,22:29:59,367,res16,20.75
201,the_greek_xl,1,size4,201,22:29:59,367,res16,25.5
202,cali_ckn_s,1,size3,202,22:50:29,101,res4,12.75
203,cali_ckn_l,1,size1,203,11:30:48,465,res17,20.75
203,ital_veggie_m,1,size2,203,11:30:48,465,res17,16.75
203,pep_msh_pep_l,1,size1,203,11:30:48,465,res17,17.5
203,the_greek_s,1,size3,203,11:30:48,465,res17,12
204,spicy_ital_l,1,size1,204,11:36:25,145,res9,20.75
205,cali_ckn_s,1,size3,205,11:43:54,443,res15,12.75
205,ckn_alfredo_m,1,size2,205,11:43:54,443,res15,16.75
205,prsc_argla_s,1,size3,205,11:43:54,443,res15,12.5
206,napolitana_m,1,size2,206,11:45:10,29,res7,16
206,pepperoni_s,1,size3,206,11:45:10,29,res7,9.75
206,spicy_ital_l,1,size1,206,11:45:10,29,res7,20.75
207,spicy_ital_l,1,size1,207,12:03:58,492,res17,20.75
208,bbq_ckn_l,1,size1,208,12:12:05,461,res15,20.75
208,bbq_ckn_s,1,size3,208,12:12:05,461,res15,12.75
208,ckn_alfredo_m,1,size2,208,12:12:05,461,res15,16.75
208,pepperoni_m,1,size2,208,12:12:05,461,res15,12.5
208,the_greek_m,1,size2,208,12:12:05,461,res15,16
209,cali_ckn_l,1,size1,209,12:29:17,428,res16,20.75
210,spinach_fet_s,1,size3,210,12:34:13,178,res8,12
211,pepperoni_s,1,size3,211,12:54:20,163,res10,9.75
212,ital_cpcllo_l,1,size1,212,13:16:03,484,res14,20.5
213,four_cheese_l,1,size1,213,13:20:39,172,res12,17.95
214,ital_cpcllo_l,1,size1,214,13:39:16,14,res3,20.5
214,ital_supr_m,1,size2,214,13:39:16,14,res3,16.5
214,mexicana_s,1,size3,214,13:39:16,14,res3,12
214,spin_pesto_m,1,size2,214,13:39:16,14,res3,16.5
215,green_garden_s,1,size3,215,13:44:49,70,res6,12
216,bbq_ckn_m,1,size2,216,14:31:56,240,res11,16.75
216,five_cheese_l,1,size1,216,14:31:56,240,res11,18.5
216,hawaiian_l,1,size1,216,14:31:56,240,res11,16.5
217,classic_dlx_m,1,size2,217,14:35:03,42,res1,16
217,spinach_fet_s,1,size3,217,14:35:03,42,res1,12
218,spicy_ital_m,1,size2,218,14:35:11,431,res16,16.5
219,bbq_ckn_l,1,size1,219,14:42:01,143,res12,20.75
219,five_cheese_l,1,size1,219,14:42:01,143,res12,18.5
219,peppr_salami_m,1,size2,219,14:42:01,143,res12,16.5
219,spinach_fet_m,1,size2,219,14:42:01,143,res12,16
220,hawaiian_s,1,size3,220,15:31:59,474,res15,10.5
220,ital_cpcllo_s,1,size3,220,15:31:59,474,res15,12
220,napolitana_l,1,size1,220,15:31:59,474,res15,20.5
220,spicy_ital_l,1,size1,220,15:31:59,474,res15,20.75
221,five_cheese_l,1,size1,221,15:33:18,25,res1,18.5
221,prsc_argla_m,1,size2,221,15:33:18,25,res1,16.5
221,the_greek_s,1,size3,221,15:33:18,25,res1,12
222,four_cheese_l,1,size1,222,15:46:38,474,res15,17.95
222,sicilian_s,1,size3,222,15:46:38,474,res15,12.25
223,pep_msh_pep_s,1,size3,223,16:08:20,446,res14,11
224,ckn_alfredo_s,1,size3,224,16:39:58,498,res17,12.75
224,ital_supr_m,1,size2,224,16:39:58,498,res17,16.5
224,napolitana_m,1,size2,224,16:39:58,498,res17,16
224,thai_ckn_l,1,size1,224,16:39:58,498,res17,20.75
225,bbq_ckn_l,1,size1,225,16:41:48,315,res11,20.75
225,bbq_ckn_m,1,size2,225,16:41:48,315,res11,16.75
225,southw_ckn_s,1,size3,225,16:41:48,315,res11,12.75
226,classic_dlx_l,1,size1,226,16:59:39,242,res12,20.5
227,bbq_ckn_m,1,size2,227,17:24:39,364,res13,16.75
227,the_greek_m,1,size2,227,17:24:39,364,res13,16
228,ital_veggie_s,1,size3,228,17:31:24,207,res10,12.75
229,ital_veggie_l,1,size1,229,17:37:57,250,res10,21
229,prsc_argla_l,1,size1,229,17:37:57,250,res10,20.75
229,spin_pesto_s,1,size3,229,17:37:57,250,res10,12.5
230,thai_ckn_m,1,size2,230,17:58:38,419,res15,16.75
231,cali_ckn_l,1,size1,231,18:04:18,185,res10,20.75
231,napolitana_s,1,size3,231,18:04:18,185,res10,12
231,prsc_argla_s,1,size3,231,18:04:18,185,res10,12.5
232,bbq_ckn_m,1,size2,232,18:21:59,444,res16,16.75
232,spinach_supr_l,1,size1,232,18:21:59,444,res16,20.75
233,spinach_fet_s,1,size3,233,18:26:51,28,res6,12
234,ckn_alfredo_m,1,size2,234,18:36:09,423,res15,16.75
234,ital_supr_s,1,size3,234,18:36:09,423,res15,12.5
234,napolitana_m,1,size2,234,18:36:09,423,res15,16
235,cali_ckn_m,1,size2,235,18:51:30,19,res6,16.75
236,classic_dlx_l,1,size1,236,19:21:04,138,res9,20.5
236,green_garden_m,1,size2,236,19:21:04,138,res9,16
237,green_garden_s,1,size3,237,19:27:48,34,res4,12
238,spin_pesto_l,1,size1,238,19:45:15,217,res11,20.75
239,ital_supr_l,1,size1,239,19:57:52,136,res9,20.75
239,thai_ckn_m,1,size2,239,19:57:52,136,res9,16.75
240,four_cheese_m,1,size2,240,20:10:24,137,res11,14.75
241,sicilian_m,1,size2,241,20:11:25,87,res2,16.25
241,spinach_supr_l,1,size1,241,20:11:25,87,res2,20.75
242,calabrese_m,1,size2,242,20:15:29,243,res9,16.25
242,thai_ckn_l,1,size1,242,20:15:29,243,res9,20.75
242,veggie_veg_m,1,size2,242,20:15:29,243,res9,16
243,classic_dlx_l,1,size1,243,20:26:17,159,res11,20.5
243,spinach_supr_s,1,size3,243,20:26:17,159,res11,12.5
244,ital_supr_s,1,size3,244,20:26:22,278,res10,12.5
244,spicy_ital_l,1,size1,244,20:26:22,278,res10,20.75
245,bbq_ckn_l,1,size1,245,20:28:41,249,res12,20.75
245,ckn_pesto_l,1,size1,245,20:28:41,249,res12,20.75
246,ckn_alfredo_m,1,size2,246,20:30:48,20,res3,16.75
246,pepperoni_l,1,size1,246,20:30:48,20,res3,15.25
247,hawaiian_m,1,size2,247,20:55:29,91,res1,13.25
247,sicilian_m,1,size2,247,20:55:29,91,res1,16.25
247,spinach_supr_s,1,size3,247,20:55:29,91,res1,12.5
248,hawaiian_s,1,size3,248,20:58:19,376,res17,10.5
248,thai_ckn_l,1,size1,248,20:58:19,376,res17,20.75
249,bbq_ckn_l,1,size1,249,21:06:16,343,res9,20.75
249,calabrese_s,1,size3,249,21:06:16,343,res9,12.25
250,four_cheese_m,1,size2,250,21:07:05,228,res8,14.75
251,mexicana_m,1,size2,251,21:10:05,218,res10,16
252,prsc_argla_m,1,size2,252,22:13:15,97,res5,16.5
253,brie_carre_s,1,size3,253,22:16:18,324,res11,23.65
254,bbq_ckn_l,1,size1,254,22:22:13,136,res11,20.75
254,brie_carre_s,1,size3,254,22:22:13,136,res11,23.65
254,five_cheese_l,1,size1,254,22:22:13,136,res11,18.5
255,five_cheese_l,1,size1,255,11:23:35,478,res16,18.5
255,green_garden_m,1,size2,255,11:23:35,478,res16,16
255,hawaiian_l,1,size1,255,11:23:35,478,res16,16.5
255,spinach_fet_m,1,size2,255,11:23:35,478,res16,16
256,pep_msh_pep_l,1,size1,256,11:56:06,259,res10,17.5
257,cali_ckn_l,1,size1,257,11:59:04,350,res12,20.75
257,ckn_alfredo_l,1,size1,257,11:59:04,350,res12,20.75
258,classic_dlx_m,1,size2,258,11:59:23,388,res16,16
259,pepperoni_l,1,size1,259,12:04:25,24,res2,15.25
260,five_cheese_l,1,size1,260,12:06:27,474,res15,18.5
260,the_greek_l,1,size1,260,12:06:27,474,res15,20.5
261,brie_carre_s,1,size3,261,12:38:29,488,res17,23.65
262,cali_ckn_m,1,size2,262,12:42:01,425,res14,16.75
263,spin_pesto_l,1,size1,263,12:57:22,166,res8,20.75
264,mexicana_m,1,size2,264,13:03:59,24,res3,16
265,ckn_alfredo_m,1,size2,265,13:04:42,122,res8,16.75
265,mexicana_l,1,size1,265,13:04:42,122,res8,20.25
265,sicilian_m,1,size2,265,13:04:42,122,res8,16.25
265,spicy_ital_l,1,size1,265,13:04:42,122,res8,20.75
266,peppr_salami_m,1,size2,266,13:09:29,438,res16,16.5
267,four_cheese_l,1,size1,267,13:37:50,160,res12,17.95
267,mediterraneo_l,1,size1,267,13:37:50,160,res12,20.25
267,napolitana_s,1,size3,267,13:37:50,160,res12,12
268,ital_supr_l,1,size1,268,13:40:46,243,res10,20.75
268,pepperoni_s,1,size3,268,13:40:46,243,res10,9.75
269,ckn_alfredo_m,1,size2,269,13:49:34,346,res10,16.75
270,southw_ckn_l,1,size1,270,14:09:02,417,res13,20.75
270,spin_pesto_l,1,size1,270,14:09:02,417,res13,20.75
270,thai_ckn_l,1,size1,270,14:09:02,417,res13,20.75
271,big_meat_s,1,size3,271,14:22:19,268,res11,12
271,cali_ckn_m,2,size2,271,14:22:19,268,res11,33.5
271,ckn_alfredo_m,2,size2,271,14:22:19,268,res11,33.5
271,ckn_pesto_l,2,size1,271,14:22:19,268,res11,41.5
271,classic_dlx_m,1,size2,271,14:22:19,268,res11,16
271,ital_supr_m,1,size2,271,14:22:19,268,res11,16.5
271,sicilian_s,1,size3,271,14:22:19,268,res11,12.25
271,soppressata_m,1,size2,271,14:22:19,268,res11,16.5
271,southw_ckn_m,1,size2,271,14:22:19,268,res11,16.75
271,the_greek_s,1,size3,271,14:22:19,268,res11,12
272,ital_supr_m,1,size2,272,14:24:05,346,res9,16.5
273,soppressata_s,1,size3,273,14:28:00,213,res11,12.5
274,four_cheese_l,1,size1,274,14:36:33,429,res17,17.95
274,thai_ckn_l,1,size1,274,14:36:33,429,res17,20.75
275,classic_dlx_l,1,size1,275,14:38:14,188,res8,20.5
275,five_cheese_l,1,size1,275,14:38:14,188,res8,18.5
275,pepperoni_s,1,size3,275,14:38:14,188,res8,9.75
275,sicilian_m,1,size2,275,14:38:14,188,res8,16.25
276,five_cheese_l,1,size1,276,15:18:18,374,res13,18.5
276,spicy_ital_l,1,size1,276,15:18:18,374,res13,20.75
277,four_cheese_m,1,size2,277,15:41:50,414,res16,14.75
278,ital_veggie_m,1,size2,278,15:49:21,21,res4,16.75
278,southw_ckn_l,1,size1,278,15:49:21,21,res4,20.75
279,cali_ckn_m,1,size2,279,16:07:03,394,res17,16.75
279,ckn_alfredo_m,1,size2,279,16:07:03,394,res17,16.75
280,prsc_argla_m,1,size2,280,16:20:23,61,res3,16.5
280,veggie_veg_m,1,size2,280,16:20:23,61,res3,16
281,sicilian_s,1,size3,281,16:33:48,261,res9,12.25
282,classic_dlx_s,1,size3,282,16:49:38,215,res11,12
282,five_cheese_l,1,size1,282,16:49:38,215,res11,18.5
282,peppr_salami_l,1,size1,282,16:49:38,215,res11,20.75
282,spin_pesto_l,1,size1,282,16:49:38,215,res11,20.75
283,napolitana_m,1,size2,283,16:51:43,377,res17,16
284,four_cheese_m,1,size2,284,16:58:16,44,res7,14.75
284,hawaiian_s,1,size3,284,16:58:16,44,res7,10.5
284,napolitana_m,1,size2,284,16:58:16,44,res7,16
285,prsc_argla_l,1,size1,285,16:58:38,469,res16,20.75
286,ital_supr_m,1,size2,286,17:01:23,140,res8,16.5
286,peppr_salami_l,1,size1,286,17:01:23,140,res8,20.75
287,ital_supr_m,1,size2,287,17:30:09,297,res9,16.5
287,pep_msh_pep_m,1,size2,287,17:30:09,297,res9,14.5
287,pepperoni_m,1,size2,287,17:30:09,297,res9,12.5
287,sicilian_s,1,size3,287,17:30:09,297,res9,12.25
288,brie_carre_s,1,size3,288,17:32:44,383,res17,23.65
288,prsc_argla_l,1,size1,288,17:32:44,383,res17,20.75
288,spinach_supr_l,1,size1,288,17:32:44,383,res17,20.75
289,five_cheese_l,1,size1,289,17:36:23,28,res6,18.5
290,classic_dlx_s,1,size3,290,17:41:16,496,res14,12
290,veggie_veg_m,1,size2,290,17:41:16,496,res14,16
291,bbq_ckn_l,1,size1,291,17:44:39,444,res17,20.75
291,ckn_alfredo_m,2,size2,291,17:44:39,444,res17,33.5
291,four_cheese_m,1,size2,291,17:44:39,444,res17,14.75
292,spin_pesto_m,1,size2,292,17:48:59,375,res13,16.5
292,spinach_fet_l,1,size1,292,17:48:59,375,res13,20.25
293,classic_dlx_s,1,size3,293,17:58:38,38,res4,12
293,ital_veggie_s,1,size3,293,17:58:38,38,res4,12.75
294,bbq_ckn_m,1,size2,294,18:16:35,158,res11,16.75
294,ital_supr_l,1,size1,294,18:16:35,158,res11,20.75
294,thai_ckn_l,1,size1,294,18:16:35,158,res11,20.75
295,cali_ckn_m,1,size2,295,18:20:12,317,res9,16.75
296,green_garden_s,1,size3,296,18:46:54,153,res12,12
296,ital_cpcllo_s,1,size3,296,18:46:54,153,res12,12
296,thai_ckn_m,1,size2,296,18:46:54,153,res12,16.75
297,southw_ckn_m,1,size2,297,19:02:18,116,res7,16.75
298,cali_ckn_m,1,size2,298,19:10:36,363,res13,16.75
298,cali_ckn_s,1,size3,298,19:10:36,363,res13,12.75
298,ckn_alfredo_m,1,size2,298,19:10:36,363,res13,16.75
298,classic_dlx_s,1,size3,298,19:10:36,363,res13,12
299,classic_dlx_s,1,size3,299,19:34:31,327,res9,12
299,spinach_fet_m,1,size2,299,19:34:31,327,res9,16
300,big_meat_s,1,size3,300,19:42:54,34,res3,12
300,ital_cpcllo_s,1,size3,300,19:42:54,34,res3,12
300,ital_veggie_s,1,size3,300,19:42:54,34,res3,12.75
300,spinach_supr_s,1,size3,300,19:42:54,34,res3,12.5
301,napolitana_l,1,size1,301,19:45:58,410,res14,20.5
302,peppr_salami_l,1,size1,302,19:57:37,168,res11,20.75
303,big_meat_s,1,size3,303,20:02:51,210,res9,12
303,ital_cpcllo_m,1,size2,303,20:02:51,210,res9,16
303,pepperoni_s,1,size3,303,20:02:51,210,res9,9.75
304,hawaiian_s,1,size3,304,20:07:58,441,res14,10.5
304,mexicana_l,1,size1,304,20:07:58,441,res14,20.25
305,pepperoni_l,1,size1,305,20:35:40,82,res5,15.25
305,sicilian_s,1,size3,305,20:35:40,82,res5,12.25
305,spicy_ital_m,1,size2,305,20:35:40,82,res5,16.5
306,big_meat_s,1,size3,306,20:37:40,428,res13,12
306,hawaiian_s,1,size3,306,20:37:40,428,res13,10.5
306,napolitana_m,1,size2,306,20:37:40,428,res13,16
307,classic_dlx_l,1,size1,307,21:45:38,354,res8,20.5
307,thai_ckn_m,1,size2,307,21:45:38,354,res8,16.75
308,hawaiian_l,1,size1,308,21:59:46,170,res8,16.5
308,pep_msh_pep_l,1,size1,308,21:59:46,170,res8,17.5
308,thai_ckn_s,1,size3,308,21:59:46,170,res8,12.75
309,five_cheese_l,1,size1,309,11:39:06,387,res16,18.5
309,peppr_salami_m,1,size2,309,11:39:06,387,res16,16.5
310,hawaiian_s,1,size3,310,11:40:48,331,res9,10.5
310,thai_ckn_s,1,size3,310,11:40:48,331,res9,12.75
311,sicilian_l,1,size1,311,11:57:27,402,res13,20.25
312,big_meat_s,1,size3,312,12:05:21,228,res11,12
312,brie_carre_s,1,size3,312,12:05:21,228,res11,23.65
312,ckn_alfredo_m,1,size2,312,12:05:21,228,res11,16.75
312,sicilian_m,1,size2,312,12:05:21,228,res11,16.25
313,classic_dlx_m,1,size2,313,12:09:09,86,res3,16
314,calabrese_m,1,size2,314,12:11:58,6,res7,16.25
314,five_cheese_l,1,size1,314,12:11:58,6,res7,18.5
314,green_garden_m,1,size2,314,12:11:58,6,res7,16
314,hawaiian_m,1,size2,314,12:11:58,6,res7,13.25
314,veggie_veg_m,1,size2,314,12:11:58,6,res7,16
315,classic_dlx_m,1,size2,315,12:17:40,64,res3,16
316,hawaiian_s,1,size3,316,12:29:34,352,res12,10.5
316,ital_supr_m,1,size2,316,12:29:34,352,res12,16.5
317,cali_ckn_s,1,size3,317,12:31:00,268,res11,12.75
317,classic_dlx_m,1,size2,317,12:31:00,268,res11,16
317,four_cheese_l,1,size1,317,12:31:00,268,res11,17.95
317,hawaiian_s,1,size3,317,12:31:00,268,res11,10.5
317,pep_msh_pep_l,1,size1,317,12:31:00,268,res11,17.5
317,prsc_argla_s,1,size3,317,12:31:00,268,res11,12.5
317,spinach_fet_s,1,size3,317,12:31:00,268,res11,12
318,ital_cpcllo_l,1,size1,318,12:45:14,416,res15,20.5
318,mexicana_l,1,size1,318,12:45:14,416,res15,20.25
318,soppressata_s,1,size3,318,12:45:14,416,res15,12.5
318,spicy_ital_l,1,size1,318,12:45:14,416,res15,20.75
319,ital_supr_m,1,size2,319,12:46:22,275,res8,16.5
320,cali_ckn_m,1,size2,320,12:46:40,192,res9,16.75
320,ckn_pesto_l,1,size1,320,12:46:40,192,res9,20.75
321,ital_supr_l,1,size1,321,12:56:21,217,res9,20.75
322,cali_ckn_l,1,size1,322,13:02:13,359,res15,20.75
322,ckn_pesto_l,1,size1,322,13:02:13,359,res15,20.75
322,classic_dlx_s,1,size3,322,13:02:13,359,res15,12
322,thai_ckn_l,1,size1,322,13:02:13,359,res15,20.75
323,classic_dlx_m,1,size2,323,13:05:33,302,res11,16
324,five_cheese_l,1,size1,324,13:06:44,490,res15,18.5
325,classic_dlx_s,1,size3,325,13:07:32,468,res15,12
325,veggie_veg_s,1,size3,325,13:07:32,468,res15,12
326,cali_ckn_m,1,size2,326,13:10:13,28,res2,16.75
326,spinach_supr_l,1,size1,326,13:10:13,28,res2,20.75
327,classic_dlx_m,1,size2,327,13:10:54,454,res16,16
328,mediterraneo_l,1,size1,328,13:16:35,301,res10,20.25
329,spicy_ital_l,1,size1,329,13:22:44,133,res12,20.75
329,spinach_supr_m,1,size2,329,13:22:44,133,res12,16.5
330,big_meat_s,1,size3,330,13:27:11,96,res3,12
330,ckn_alfredo_m,1,size2,330,13:27:11,96,res3,16.75
330,classic_dlx_m,1,size2,330,13:27:11,96,res3,16
330,classic_dlx_s,1,size3,330,13:27:11,96,res3,12
330,five_cheese_l,1,size1,330,13:27:11,96,res3,18.5
330,four_cheese_l,2,size1,330,13:27:11,96,res3,35.9
330,hawaiian_l,1,size1,330,13:27:11,96,res3,16.5
330,pep_msh_pep_l,1,size1,330,13:27:11,96,res3,17.5
330,peppr_salami_s,1,size3,330,13:27:11,96,res3,12.5
330,sicilian_l,1,size1,330,13:27:11,96,res3,20.25
330,spicy_ital_l,1,size1,330,13:27:11,96,res3,20.75
330,spicy_ital_m,1,size2,330,13:27:11,96,res3,16.5
330,spinach_fet_l,1,size1,330,13:27:11,96,res3,20.25
330,the_greek_m,1,size2,330,13:27:11,96,res3,16
331,prsc_argla_m,1,size2,331,13:43:30,72,res6,16.5
332,sicilian_m,1,size2,332,14:12:01,225,res9,16.25
332,southw_ckn_l,1,size1,332,14:12:01,225,res9,20.75
332,thai_ckn_m,1,size2,332,14:12:01,225,res9,16.75
333,ckn_alfredo_m,1,size2,333,14:16:36,399,res14,16.75
334,calabrese_l,1,size1,334,14:24:18,203,res8,20.25
334,pepperoni_m,1,size2,334,14:24:18,203,res8,12.5
334,southw_ckn_m,1,size2,334,14:24:18,203,res8,16.75
334,thai_ckn_l,1,size1,334,14:24:18,203,res8,20.75
335,mediterraneo_l,1,size1,335,14:24:47,388,res13,20.25
336,prsc_argla_l,1,size1,336,14:51:41,444,res15,20.75
337,hawaiian_l,1,size1,337,15:03:12,37,res4,16.5
337,pepperoni_l,1,size1,337,15:03:12,37,res4,15.25
338,mexicana_l,1,size1,338,15:18:26,213,res11,20.25
338,thai_ckn_l,1,size1,338,15:18:26,213,res11,20.75
338,the_greek_xl,1,size4,338,15:18:26,213,res11,25.5
339,spicy_ital_m,1,size2,339,15:25:13,189,res12,16.5
340,peppr_salami_s,1,size3,340,15:35:32,67,res7,12.5
341,bbq_ckn_m,1,size2,341,15:35:47,440,res15,16.75
341,pepperoni_s,1,size3,341,15:35:47,440,res15,9.75
342,sicilian_l,1,size1,342,15:44:12,225,res11,20.25
342,southw_ckn_l,1,size1,342,15:44:12,225,res11,20.75
343,five_cheese_l,1,size1,343,15:45:37,53,res6,18.5
343,four_cheese_m,1,size2,343,15:45:37,53,res6,14.75
344,ital_cpcllo_m,1,size2,344,16:01:11,309,res11,16
345,peppr_salami_s,1,size3,345,16:01:47,165,res11,12.5
345,spinach_fet_s,1,size3,345,16:01:47,165,res11,12
346,green_garden_s,1,size3,346,16:30:00,157,res12,12
346,hawaiian_s,1,size3,346,16:30:00,157,res12,10.5
346,ital_cpcllo_l,1,size1,346,16:30:00,157,res12,20.5
346,napolitana_s,1,size3,346,16:30:00,157,res12,12
347,spinach_fet_l,1,size1,347,16:37:17,168,res10,20.25
347,thai_ckn_l,1,size1,347,16:37:17,168,res10,20.75
347,veggie_veg_m,1,size2,347,16:37:17,168,res10,16
348,classic_dlx_m,1,size2,348,16:49:12,342,res11,16
348,thai_ckn_l,1,size1,348,16:49:12,342,res11,20.75
348,thai_ckn_s,1,size3,348,16:49:12,342,res11,12.75
349,pepperoni_l,1,size1,349,17:25:58,363,res17,15.25
350,classic_dlx_l,1,size1,350,17:37:05,112,res5,20.5
350,pepperoni_m,2,size2,350,17:37:05,112,res5,25
350,spicy_ital_s,1,size3,350,17:37:05,112,res5,12.5
351,big_meat_s,1,size3,351,17:37:29,123,res8,12
351,hawaiian_m,1,size2,351,17:37:29,123,res8,13.25
352,big_meat_s,1,size3,352,17:45:48,33,res3,12
352,ital_cpcllo_l,1,size1,352,17:45:48,33,res3,20.5
353,bbq_ckn_l,1,size1,353,17:59:48,430,res14,20.75
353,cali_ckn_l,1,size1,353,17:59:48,430,res14,20.75
353,prsc_argla_s,1,size3,353,17:59:48,430,res14,12.5
354,green_garden_s,1,size3,354,18:01:44,79,res3,12
354,veggie_veg_l,1,size1,354,18:01:44,79,res3,20.25
355,ckn_alfredo_m,1,size2,355,18:14:45,236,res12,16.75
355,ital_supr_m,1,size2,355,18:14:45,236,res12,16.5
356,ckn_alfredo_m,1,size2,356,18:16:05,252,res12,16.75
357,cali_ckn_l,1,size1,357,18:27:58,34,res6,20.75
357,southw_ckn_s,1,size3,357,18:27:58,34,res6,12.75
357,spinach_fet_s,1,size3,357,18:27:58,34,res6,12
358,ital_supr_m,1,size2,358,18:30:12,1,res4,16.5
359,green_garden_m,1,size2,359,18:33:08,86,res4,16
359,thai_ckn_l,1,size1,359,18:33:08,86,res4,20.75
360,bbq_ckn_l,1,size1,360,18:50:38,446,res14,20.75
360,green_garden_s,1,size3,360,18:50:38,446,res14,12
360,hawaiian_s,1,size3,360,18:50:38,446,res14,10.5
361,big_meat_s,2,size3,361,19:12:38,499,res17,24
361,ital_cpcllo_s,1,size3,361,19:12:38,499,res17,12
362,bbq_ckn_m,1,size2,362,19:13:36,177,res11,16.75
362,mexicana_l,1,size1,362,19:13:36,177,res11,20.25
363,mediterraneo_l,1,size1,363,19:20:31,342,res11,20.25
363,mexicana_l,1,size1,363,19:20:31,342,res11,20.25
364,ital_supr_m,1,size2,364,19:27:24,413,res13,16.5
364,the_greek_xl,1,size4,364,19:27:24,413,res13,25.5
365,four_cheese_m,1,size2,365,19:37:26,140,res12,14.75
365,mediterraneo_l,1,size1,365,19:37:26,140,res12,20.25
365,pepperoni_m,1,size2,365,19:37:26,140,res12,12.5
366,ital_cpcllo_l,1,size1,366,20:04:20,316,res8,20.5
367,hawaiian_l,1,size1,367,20:05:12,299,res9,16.5
367,spinach_fet_m,1,size2,367,20:05:12,299,res9,16
368,spin_pesto_m,1,size2,368,20:28:16,274,res9,16.5
368,thai_ckn_l,1,size1,368,20:28:16,274,res9,20.75
369,spinach_fet_m,1,size2,369,20:30:06,34,res2,16
370,four_cheese_l,1,size1,370,21:02:30,4,res1,17.95
370,hawaiian_s,1,size3,370,21:02:30,4,res1,10.5
371,pepperoni_m,1,size2,371,21:15:20,96,res5,12.5
372,spinach_fet_s,1,size3,372,22:26:59,275,res10,12
373,ckn_pesto_s,1,size3,373,11:45:18,133,res9,12.75
373,classic_dlx_m,1,size2,373,11:45:18,133,res9,16
373,sicilian_l,1,size1,373,11:45:18,133,res9,20.25
374,big_meat_s,1,size3,374,11:55:59,108,res5,12
374,ckn_alfredo_m,1,size2,374,11:55:59,108,res5,16.75
374,peppr_salami_s,1,size3,374,11:55:59,108,res5,12.5
375,mexicana_m,1,size2,375,11:58:36,278,res12,16
376,the_greek_xl,1,size4,376,12:01:17,407,res13,25.5
376,veggie_veg_l,1,size1,376,12:01:17,407,res13,20.25
377,hawaiian_m,1,size2,377,12:03:18,79,res7,13.25
377,thai_ckn_l,1,size1,377,12:03:18,79,res7,20.75
378,ital_veggie_s,1,size3,378,12:19:37,403,res15,12.75
379,thai_ckn_l,1,size1,379,12:25:37,345,res12,20.75
380,calabrese_m,1,size2,380,12:32:10,273,res9,16.25
380,cali_ckn_m,1,size2,380,12:32:10,273,res9,16.75
381,southw_ckn_m,1,size2,381,12:33:06,239,res9,16.75
382,thai_ckn_s,1,size3,382,12:33:07,162,res10,12.75
382,veggie_veg_m,1,size2,382,12:33:07,162,res10,16
383,spicy_ital_m,1,size2,383,12:43:59,114,res5,16.5
384,hawaiian_s,1,size3,384,12:51:46,191,res10,10.5
384,ital_cpcllo_m,1,size2,384,12:51:46,191,res10,16
384,mediterraneo_m,1,size2,384,12:51:46,191,res10,16
384,the_greek_s,1,size3,384,12:51:46,191,res10,12
385,veggie_veg_l,1,size1,385,12:54:19,27,res4,20.25
386,ital_veggie_s,1,size3,386,12:58:16,326,res9,12.75
386,soppressata_m,1,size2,386,12:58:16,326,res9,16.5
386,thai_ckn_m,1,size2,386,12:58:16,326,res9,16.75
387,bbq_ckn_s,1,size3,387,13:03:14,50,res1,12.75
387,big_meat_s,1,size3,387,13:03:14,50,res1,12
387,ckn_pesto_m,1,size2,387,13:03:14,50,res1,16.75
387,five_cheese_l,1,size1,387,13:03:14,50,res1,18.5
387,pepperoni_s,1,size3,387,13:03:14,50,res1,9.75
387,spicy_ital_l,1,size1,387,13:03:14,50,res1,20.75
387,spinach_fet_s,1,size3,387,13:03:14,50,res1,12
388,bbq_ckn_s,1,size3,388,13:04:56,248,res8,12.75
388,ckn_alfredo_m,1,size2,388,13:04:56,248,res8,16.75
388,mediterraneo_m,1,size2,388,13:04:56,248,res8,16
388,veggie_veg_s,1,size3,388,13:04:56,248,res8,12
389,spin_pesto_l,1,size1,389,13:10:17,344,res12,20.75
390,pep_msh_pep_l,1,size1,390,13:15:32,56,res7,17.5
391,the_greek_m,1,size2,391,13:25:31,368,res17,16
392,big_meat_s,1,size3,392,13:36:47,234,res12,12
392,calabrese_s,1,size3,392,13:36:47,234,res12,12.25
392,cali_ckn_l,1,size1,392,13:36:47,234,res12,20.75
392,pepperoni_s,2,size3,392,13:36:47,234,res12,19.5
392,prsc_argla_l,1,size1,392,13:36:47,234,res12,20.75
392,sicilian_l,1,size1,392,13:36:47,234,res12,20.25
392,soppressata_l,1,size1,392,13:36:47,234,res12,20.75
392,spicy_ital_l,1,size1,392,13:36:47,234,res12,20.75
393,green_garden_s,1,size3,393,13:48:31,189,res11,12
393,hawaiian_l,1,size1,393,13:48:31,189,res11,16.5
394,big_meat_s,1,size3,394,14:02:18,105,res7,12
394,ckn_pesto_s,1,size3,394,14:02:18,105,res7,12.75
394,hawaiian_l,1,size1,394,14:02:18,105,res7,16.5
394,hawaiian_s,1,size3,394,14:02:18,105,res7,10.5
394,pep_msh_pep_l,1,size1,394,14:02:18,105,res7,17.5
394,pepperoni_m,3,size2,394,14:02:18,105,res7,37.5
394,pepperoni_s,1,size3,394,14:02:18,105,res7,9.75
394,sicilian_l,1,size1,394,14:02:18,105,res7,20.25
394,spicy_ital_l,1,size1,394,14:02:18,105,res7,20.75
394,spin_pesto_s,1,size3,394,14:02:18,105,res7,12.5
394,thai_ckn_l,1,size1,394,14:02:18,105,res7,20.75
394,veggie_veg_s,1,size3,394,14:02:18,105,res7,12
395,napolitana_m,1,size2,395,14:11:08,201,res12,16
396,spinach_fet_s,1,size3,396,14:12:21,392,res17,12
397,five_cheese_l,2,size1,397,14:31:10,341,res9,37
397,hawaiian_l,1,size1,397,14:31:10,341,res9,16.5
397,pepperoni_m,1,size2,397,14:31:10,341,res9,12.5
398,pepperoni_s,1,size3,398,14:56:26,482,res17,9.75
399,bbq_ckn_m,1,size2,399,15:47:49,220,res12,16.75
399,cali_ckn_l,1,size1,399,15:47:49,220,res12,20.75
399,four_cheese_m,1,size2,399,15:47:49,220,res12,14.75
399,the_greek_m,1,size2,399,15:47:49,220,res12,16
400,pepperoni_m,1,size2,400,16:03:07,315,res10,12.5
400,thai_ckn_l,1,size1,400,16:03:07,315,res10,20.75
401,veggie_veg_m,1,size2,401,16:08:35,266,res8,16
402,four_cheese_l,1,size1,402,16:24:46,468,res14,17.95
402,ital_supr_m,1,size2,402,16:24:46,468,res14,16.5
403,bbq_ckn_s,1,size3,403,16:26:10,368,res13,12.75
403,classic_dlx_l,1,size1,403,16:26:10,368,res13,20.5
403,prsc_argla_s,1,size3,403,16:26:10,368,res13,12.5
404,ckn_pesto_l,1,size1,404,16:39:27,366,res15,20.75
405,sicilian_l,1,size1,405,16:44:16,244,res9,20.25
406,ckn_alfredo_m,1,size2,406,16:50:49,320,res12,16.75
406,classic_dlx_m,1,size2,406,16:50:49,320,res12,16
406,ital_veggie_s,1,size3,406,16:50:49,320,res12,12.75
407,cali_ckn_m,1,size2,407,16:56:42,96,res1,16.75
407,classic_dlx_l,1,size1,407,16:56:42,96,res1,20.5
407,pepperoni_m,1,size2,407,16:56:42,96,res1,12.5
408,brie_carre_s,1,size3,408,17:09:09,181,res12,23.65
408,peppr_salami_m,1,size2,408,17:09:09,181,res12,16.5
409,pepperoni_l,1,size1,409,17:15:04,31,res4,15.25
410,big_meat_s,2,size3,410,17:33:49,345,res9,24
410,mediterraneo_m,1,size2,410,17:33:49,345,res9,16
410,the_greek_xl,1,size4,410,17:33:49,345,res9,25.5
411,ital_supr_m,1,size2,411,17:58:09,42,res7,16.5
411,southw_ckn_l,1,size1,411,17:58:09,42,res7,20.75
412,brie_carre_s,1,size3,412,18:07:46,186,res8,23.65
412,spinach_supr_m,1,size2,412,18:07:46,186,res8,16.5
413,the_greek_s,1,size3,413,18:11:32,427,res17,12
414,classic_dlx_s,1,size3,414,18:13:22,379,res17,12
414,five_cheese_l,1,size1,414,18:13:22,379,res17,18.5
414,ital_supr_m,1,size2,414,18:13:22,379,res17,16.5
415,cali_ckn_s,1,size3,415,18:16:23,375,res14,12.75
416,spinach_fet_l,1,size1,416,18:17:42,122,res10,20.25
417,pepperoni_s,1,size3,417,18:24:40,84,res6,9.75
418,ckn_pesto_m,1,size2,418,18:40:11,171,res12,16.75
418,sicilian_m,1,size2,418,18:40:11,171,res12,16.25
419,bbq_ckn_l,1,size1,419,19:02:31,339,res11,20.75
419,hawaiian_l,1,size1,419,19:02:31,339,res11,16.5
419,ital_veggie_m,1,size2,419,19:02:31,339,res11,16.75
419,veggie_veg_s,1,size3,419,19:02:31,339,res11,12
420,five_cheese_l,1,size1,420,19:04:40,102,res1,18.5
420,pep_msh_pep_s,1,size3,420,19:04:40,102,res1,11
421,bbq_ckn_l,1,size1,421,19:21:58,476,res14,20.75
421,calabrese_l,1,size1,421,19:21:58,476,res14,20.25
421,ckn_pesto_s,1,size3,421,19:21:58,476,res14,12.75
422,four_cheese_l,1,size1,422,19:30:25,465,res14,17.95
422,ital_supr_m,1,size2,422,19:30:25,465,res14,16.5
422,spinach_fet_m,1,size2,422,19:30:25,465,res14,16
423,ital_supr_l,1,size1,423,19:45:07,478,res15,20.75
423,sicilian_s,1,size3,423,19:45:07,478,res15,12.25
424,pepperoni_m,1,size2,424,20:01:28,499,res16,12.5
425,soppressata_m,1,size2,425,20:21:19,359,res14,16.5
426,classic_dlx_m,1,size2,426,20:25:45,382,res15,16
426,sicilian_s,1,size3,426,20:25:45,382,res15,12.25
426,soppressata_m,1,size2,426,20:25:45,382,res15,16.5
427,spinach_fet_l,1,size1,427,21:49:00,377,res14,20.25
428,calabrese_l,1,size1,428,22:05:00,207,res8,20.25
428,ital_cpcllo_s,1,size3,428,22:05:00,207,res8,12
429,spicy_ital_m,1,size2,429,22:16:53,118,res1,16.5
430,green_garden_m,1,size2,430,22:46:13,361,res14,16
430,sicilian_s,1,size3,430,22:46:13,361,res14,12.25
431,big_meat_s,1,size3,431,11:17:13,129,res9,12
431,ckn_alfredo_s,1,size3,431,11:17:13,129,res9,12.75
431,four_cheese_l,1,size1,431,11:17:13,129,res9,17.95
431,hawaiian_l,1,size1,431,11:17:13,129,res9,16.5
432,ital_cpcllo_s,1,size3,432,11:39:07,69,res1,12
432,thai_ckn_l,1,size1,432,11:39:07,69,res1,20.75
432,veggie_veg_s,1,size3,432,11:39:07,69,res1,12
433,spicy_ital_l,1,size1,433,11:49:50,320,res12,20.75
434,napolitana_m,1,size2,434,11:54:14,146,res12,16
434,spicy_ital_l,1,size1,434,11:54:14,146,res12,20.75
434,veggie_veg_l,1,size1,434,11:54:14,146,res12,20.25
435,classic_dlx_m,1,size2,435,12:06:09,403,res16,16
435,pep_msh_pep_m,1,size2,435,12:06:09,403,res16,14.5
435,spinach_supr_s,1,size3,435,12:06:09,403,res16,12.5
436,classic_dlx_l,1,size1,436,12:07:21,278,res11,20.5
436,ital_supr_m,1,size2,436,12:07:21,278,res11,16.5
436,pep_msh_pep_s,1,size3,436,12:07:21,278,res11,11
436,peppr_salami_s,1,size3,436,12:07:21,278,res11,12.5
437,bbq_ckn_m,1,size2,437,12:07:54,366,res17,16.75
438,veggie_veg_m,1,size2,438,12:08:38,62,res3,16
439,ckn_alfredo_m,1,size2,439,12:13:08,490,res15,16.75
439,pepperoni_m,1,size2,439,12:13:08,490,res15,12.5
439,the_greek_s,1,size3,439,12:13:08,490,res15,12
440,calabrese_m,1,size2,440,12:16:34,25,res7,16.25
440,ckn_alfredo_m,1,size2,440,12:16:34,25,res7,16.75
440,five_cheese_l,1,size1,440,12:16:34,25,res7,18.5
440,four_cheese_l,1,size1,440,12:16:34,25,res7,17.95
440,four_cheese_m,1,size2,440,12:16:34,25,res7,14.75
440,green_garden_l,1,size1,440,12:16:34,25,res7,20.25
440,green_garden_m,1,size2,440,12:16:34,25,res7,16
440,hawaiian_l,1,size1,440,12:16:34,25,res7,16.5
440,ital_veggie_l,1,size1,440,12:16:34,25,res7,21
440,pepperoni_l,1,size1,440,12:16:34,25,res7,15.25
440,spicy_ital_l,1,size1,440,12:16:34,25,res7,20.75
440,spinach_fet_s,1,size3,440,12:16:34,25,res7,12
440,thai_ckn_l,1,size1,440,12:16:34,25,res7,20.75
440,veggie_veg_m,1,size2,440,12:16:34,25,res7,16
441,spicy_ital_l,1,size1,441,12:16:58,83,res7,20.75
441,thai_ckn_l,1,size1,441,12:16:58,83,res7,20.75
442,peppr_salami_l,1,size1,442,12:28:49,408,res13,20.75
443,big_meat_s,1,size3,443,12:34:20,220,res8,12
443,cali_ckn_m,2,size2,443,12:34:20,220,res8,33.5
443,four_cheese_l,1,size1,443,12:34:20,220,res8,17.95
443,ital_cpcllo_m,1,size2,443,12:34:20,220,res8,16
443,ital_veggie_m,1,size2,443,12:34:20,220,res8,16.75
443,mexicana_l,1,size1,443,12:34:20,220,res8,20.25
443,pepperoni_l,1,size1,443,12:34:20,220,res8,15.25
443,sicilian_l,1,size1,443,12:34:20,220,res8,20.25
443,sicilian_m,1,size2,443,12:34:20,220,res8,16.25
443,southw_ckn_m,1,size2,443,12:34:20,220,res8,16.75
443,spicy_ital_l,1,size1,443,12:34:20,220,res8,20.75
443,spicy_ital_s,1,size3,443,12:34:20,220,res8,12.5
443,spinach_supr_m,1,size2,443,12:34:20,220,res8,16.5
443,thai_ckn_m,1,size2,443,12:34:20,220,res8,16.75
444,four_cheese_m,1,size2,444,12:40:05,30,res4,14.75
445,hawaiian_l,1,size1,445,12:57:39,73,res3,16.5
446,big_meat_s,1,size3,446,12:58:01,255,res9,12
446,ital_veggie_m,1,size2,446,12:58:01,255,res9,16.75
446,sicilian_l,1,size1,446,12:58:01,255,res9,20.25
447,five_cheese_l,1,size1,447,13:02:00,87,res4,18.5
448,hawaiian_s,1,size3,448,13:03:34,54,res4,10.5
448,pep_msh_pep_m,1,size2,448,13:03:34,54,res4,14.5
448,sicilian_m,1,size2,448,13:03:34,54,res4,16.25
449,thai_ckn_l,1,size1,449,13:04:15,138,res8,20.75
450,big_meat_s,1,size3,450,13:07:53,333,res8,12
451,five_cheese_l,1,size1,451,13:19:06,152,res11,18.5
451,ital_cpcllo_m,1,size2,451,13:19:06,152,res11,16
451,southw_ckn_l,1,size1,451,13:19:06,152,res11,20.75
452,bbq_ckn_m,1,size2,452,13:24:11,215,res9,16.75
452,big_meat_s,1,size3,452,13:24:11,215,res9,12
452,sicilian_m,1,size2,452,13:24:11,215,res9,16.25
453,cali_ckn_s,1,size3,453,13:27:14,371,res16,12.75
453,four_cheese_l,1,size1,453,13:27:14,371,res16,17.95
453,sicilian_m,1,size2,453,13:27:14,371,res16,16.25
453,thai_ckn_l,1,size1,453,13:27:14,371,res16,20.75
454,spicy_ital_m,1,size2,454,13:31:40,275,res9,16.5
455,ital_supr_l,1,size1,455,13:39:14,54,res3,20.75
456,spinach_fet_l,1,size1,456,13:47:53,329,res9,20.25
457,cali_ckn_l,1,size1,457,13:59:04,9,res3,20.75
457,ckn_alfredo_m,1,size2,457,13:59:04,9,res3,16.75
457,classic_dlx_m,1,size2,457,13:59:04,9,res3,16
458,prsc_argla_m,1,size2,458,14:00:05,4,res7,16.5
458,spinach_supr_m,1,size2,458,14:00:05,4,res7,16.5
458,the_greek_s,1,size3,458,14:00:05,4,res7,12
459,spicy_ital_l,1,size1,459,14:14:02,273,res12,20.75
460,green_garden_s,1,size3,460,14:19:58,331,res11,12
460,ital_supr_m,1,size2,460,14:19:58,331,res11,16.5
461,cali_ckn_m,1,size2,461,14:21:19,119,res6,16.75
461,hawaiian_s,1,size3,461,14:21:19,119,res6,10.5
462,spinach_fet_s,1,size3,462,14:38:41,211,res10,12
463,bbq_ckn_l,1,size1,463,14:40:28,63,res2,20.75
463,prsc_argla_m,1,size2,463,14:40:28,63,res2,16.5
464,bbq_ckn_l,1,size1,464,14:49:01,202,res11,20.75
464,calabrese_m,1,size2,464,14:49:01,202,res11,16.25
465,napolitana_s,1,size3,465,14:55:23,152,res10,12
466,spinach_fet_l,1,size1,466,15:30:10,479,res17,20.25
466,the_greek_xl,1,size4,466,15:30:10,479,res17,25.5
467,prsc_argla_s,1,size3,467,15:33:13,319,res8,12.5
468,four_cheese_l,1,size1,468,15:36:12,128,res10,17.95
468,pepperoni_l,1,size1,468,15:36:12,128,res10,15.25
469,bbq_ckn_m,1,size2,469,15:37:18,314,res10,16.75
469,sicilian_s,1,size3,469,15:37:18,314,res10,12.25
470,veggie_veg_s,1,size3,470,15:49:13,357,res9,12
471,ital_veggie_s,1,size3,471,16:20:26,338,res11,12.75
472,ital_veggie_l,1,size1,472,16:29:50,250,res11,21
472,ital_veggie_m,1,size2,472,16:29:50,250,res11,16.75
473,hawaiian_l,1,size1,473,16:41:27,57,res3,16.5
473,prsc_argla_m,1,size2,473,16:41:27,57,res3,16.5
473,southw_ckn_m,1,size2,473,16:41:27,57,res3,16.75
474,green_garden_s,1,size3,474,16:47:48,50,res7,12
474,pepperoni_s,1,size3,474,16:47:48,50,res7,9.75
475,big_meat_s,1,size3,475,17:15:17,75,res6,12
475,thai_ckn_l,1,size1,475,17:15:17,75,res6,20.75
476,pepperoni_m,1,size2,476,17:27:56,134,res8,12.5
476,prsc_argla_l,1,size1,476,17:27:56,134,res8,20.75
476,veggie_veg_m,1,size2,476,17:27:56,134,res8,16
477,green_garden_m,1,size2,477,17:30:04,443,res13,16
477,mexicana_m,1,size2,477,17:30:04,443,res13,16
478,calabrese_m,1,size2,478,17:35:56,207,res10,16.25
478,ckn_alfredo_m,1,size2,478,17:35:56,207,res10,16.75
479,five_cheese_l,1,size1,479,17:37:03,184,res8,18.5
479,ital_cpcllo_l,2,size1,479,17:37:03,184,res8,41
480,pepperoni_m,1,size2,480,17:41:31,177,res8,12.5
481,pepperoni_s,1,size3,481,17:41:37,194,res10,9.75
481,spinach_fet_s,1,size3,481,17:41:37,194,res10,12
482,green_garden_l,1,size1,482,17:52:42,31,res1,20.25
482,ital_supr_m,1,size2,482,17:52:42,31,res1,16.5
482,spicy_ital_s,1,size3,482,17:52:42,31,res1,12.5
483,bbq_ckn_l,1,size1,483,17:54:05,45,res3,20.75
483,napolitana_s,1,size3,483,17:54:05,45,res3,12
483,pep_msh_pep_s,1,size3,483,17:54:05,45,res3,11
483,spicy_ital_m,1,size2,483,17:54:05,45,res3,16.5
484,four_cheese_l,1,size1,484,18:02:54,126,res11,17.95
484,mexicana_l,1,size1,484,18:02:54,126,res11,20.25
485,cali_ckn_m,1,size2,485,18:07:31,141,res10,16.75
486,spinach_supr_s,1,size3,486,18:15:08,406,res13,12.5
487,hawaiian_s,1,size3,487,18:30:16,245,res12,10.5
487,sicilian_l,1,size1,487,18:30:16,245,res12,20.25
487,spinach_fet_l,1,size1,487,18:30:16,245,res12,20.25
488,veggie_veg_m,1,size2,488,18:46:02,375,res13,16
489,peppr_salami_l,1,size1,489,18:48:43,436,res16,20.75
490,big_meat_s,1,size3,490,18:49:24,336,res8,12
490,classic_dlx_m,1,size2,490,18:49:24,336,res8,16
490,napolitana_m,1,size2,490,18:49:24,336,res8,16
491,napolitana_s,1,size3,491,19:01:12,432,res13,12
491,pepperoni_l,1,size1,491,19:01:12,432,res13,15.25
491,peppr_salami_l,1,size1,491,19:01:12,432,res13,20.75
491,prsc_argla_m,1,size2,491,19:01:12,432,res13,16.5
492,ckn_pesto_l,1,size1,492,19:06:21,22,res5,20.75
492,sicilian_m,1,size2,492,19:06:21,22,res5,16.25
492,spinach_fet_m,1,size2,492,19:06:21,22,res5,16
493,ital_supr_l,1,size1,493,19:31:47,495,res14,20.75
494,five_cheese_l,1,size1,494,19:38:40,268,res12,18.5
494,four_cheese_l,1,size1,494,19:38:40,268,res12,17.95
494,mexicana_l,1,size1,494,19:38:40,268,res12,20.25
494,southw_ckn_l,1,size1,494,19:38:40,268,res12,20.75
495,ital_supr_m,1,size2,495,19:42:52,342,res8,16.5
495,sicilian_l,1,size1,495,19:42:52,342,res8,20.25
496,hawaiian_l,1,size1,496,19:46:18,461,res16,16.5
496,soppressata_s,1,size3,496,19:46:18,461,res16,12.5
497,veggie_veg_s,1,size3,497,19:49:26,200,res10,12
498,ital_supr_m,1,size2,498,20:02:25,123,res8,16.5
499,calabrese_s,1,size3,499,21:10:46,286,res8,12.25
499,four_cheese_l,1,size1,499,21:10:46,286,res8,17.95
499,mexicana_m,1,size2,499,21:10:46,286,res8,16
499,pep_msh_pep_m,1,size2,499,21:10:46,286,res8,14.5
500,mediterraneo_m,1,size2,500,21:46:49,354,res11,16
501,cali_ckn_s,1,size3,501,21:51:31,359,res13,12.75
501,hawaiian_s,1,size3,501,21:51:31,359,res13,10.5
501,southw_ckn_l,1,size1,501,21:51:31,359,res13,20.75
502,ital_veggie_m,1,size2,502,22:26:08,38,res3,16.75
503,pepperoni_l,1,size1,503,11:16:21,1,res5,15.25
503,sicilian_m,1,size2,503,11:16:21,1,res5,16.25
504,the_greek_l,1,size1,504,11:48:18,58,res5,20.5
505,pepperoni_m,1,size2,505,11:55:10,9,res7,12.5
505,the_greek_xl,1,size4,505,11:55:10,9,res7,25.5
506,spinach_fet_m,1,size2,506,12:02:09,400,res17,16
507,ckn_pesto_s,1,size3,507,12:06:03,183,res12,12.75
508,cali_ckn_m,1,size2,508,12:13:32,348,res12,16.75
508,cali_ckn_s,1,size3,508,12:13:32,348,res12,12.75
508,pepperoni_m,1,size2,508,12:13:32,348,res12,12.5
509,spicy_ital_l,1,size1,509,12:13:58,487,res15,20.75
510,classic_dlx_m,1,size2,510,12:15:03,56,res2,16
510,classic_dlx_s,1,size3,510,12:15:03,56,res2,12
510,ital_supr_l,1,size1,510,12:15:03,56,res2,20.75
510,spicy_ital_l,1,size1,510,12:15:03,56,res2,20.75
511,five_cheese_l,1,size1,511,12:18:21,269,res8,18.5
512,ital_veggie_m,1,size2,512,12:19:24,127,res10,16.75
513,four_cheese_l,1,size1,513,12:22:48,469,res17,17.95
513,ital_veggie_m,1,size2,513,12:22:48,469,res17,16.75
513,pepperoni_l,1,size1,513,12:22:48,469,res17,15.25
513,thai_ckn_l,1,size1,513,12:22:48,469,res17,20.75
514,classic_dlx_s,1,size3,514,12:26:47,41,res7,12
515,ckn_pesto_l,1,size1,515,13:07:37,54,res7,20.75
515,mediterraneo_l,1,size1,515,13:07:37,54,res7,20.25
516,napolitana_l,1,size1,516,13:09:09,335,res12,20.5
516,veggie_veg_l,1,size1,516,13:09:09,335,res12,20.25
517,mexicana_m,1,size2,517,13:09:11,200,res11,16
518,big_meat_s,1,size3,518,13:11:25,183,res8,12
518,prsc_argla_l,1,size1,518,13:11:25,183,res8,20.75
518,sicilian_s,1,size3,518,13:11:25,183,res8,12.25
519,prsc_argla_s,1,size3,519,13:15:20,33,res2,12.5
520,spin_pesto_l,1,size1,520,13:22:33,221,res9,20.75
521,thai_ckn_s,1,size3,521,13:43:07,209,res9,12.75
522,bbq_ckn_s,1,size3,522,14:09:33,484,res14,12.75
522,big_meat_s,1,size3,522,14:09:33,484,res14,12
522,classic_dlx_s,1,size3,522,14:09:33,484,res14,12
522,five_cheese_l,1,size1,522,14:09:33,484,res14,18.5
522,four_cheese_l,2,size1,522,14:09:33,484,res14,35.9
522,green_garden_s,1,size3,522,14:09:33,484,res14,12
522,ital_cpcllo_m,2,size2,522,14:09:33,484,res14,32
522,ital_veggie_l,1,size1,522,14:09:33,484,res14,21
522,sicilian_l,1,size1,522,14:09:33,484,res14,20.25
522,the_greek_l,1,size1,522,14:09:33,484,res14,20.5
522,the_greek_m,1,size2,522,14:09:33,484,res14,16
523,prsc_argla_m,1,size2,523,14:42:14,434,res16,16.5
524,sicilian_s,1,size3,524,14:51:35,500,res15,12.25
524,thai_ckn_m,1,size2,524,14:51:35,500,res15,16.75
525,pepperoni_l,1,size1,525,15:08:46,335,res12,15.25
526,cali_ckn_l,1,size1,526,15:10:13,425,res14,20.75
526,five_cheese_l,1,size1,526,15:10:13,425,res14,18.5
527,four_cheese_l,1,size1,527,15:23:37,194,res10,17.95
527,southw_ckn_l,1,size1,527,15:23:37,194,res10,20.75
528,ital_cpcllo_m,1,size2,528,15:27:21,145,res8,16
529,calabrese_m,1,size2,529,15:31:01,35,res6,16.25
529,cali_ckn_m,2,size2,529,15:31:01,35,res6,33.5
529,hawaiian_s,1,size3,529,15:31:01,35,res6,10.5
530,classic_dlx_l,1,size1,530,15:43:01,179,res8,20.5
530,ital_supr_m,1,size2,530,15:43:01,179,res8,16.5
531,peppr_salami_m,2,size2,531,15:58:10,36,res5,33
532,peppr_salami_l,1,size1,532,16:14:28,222,res12,20.75
532,soppressata_s,1,size3,532,16:14:28,222,res12,12.5
533,five_cheese_l,1,size1,533,16:28:43,7,res6,18.5
533,spicy_ital_l,1,size1,533,16:28:43,7,res6,20.75
533,the_greek_xl,1,size4,533,16:28:43,7,res6,25.5
534,prsc_argla_l,1,size1,534,16:43:32,165,res11,20.75
534,southw_ckn_l,1,size1,534,16:43:32,165,res11,20.75
535,classic_dlx_m,1,size2,535,17:08:47,403,res16,16
536,brie_carre_s,1,size3,536,17:18:50,68,res1,23.65
536,peppr_salami_l,1,size1,536,17:18:50,68,res1,20.75
537,classic_dlx_s,1,size3,537,17:23:52,444,res15,12
537,hawaiian_s,1,size3,537,17:23:52,444,res15,10.5
537,ital_supr_l,1,size1,537,17:23:52,444,res15,20.75
538,spinach_supr_l,1,size1,538,17:44:04,456,res15,20.75
539,five_cheese_l,1,size1,539,17:51:34,31,res5,18.5
539,ital_veggie_l,1,size1,539,17:51:34,31,res5,21
539,spinach_fet_m,1,size2,539,17:51:34,31,res5,16
540,spinach_supr_l,1,size1,540,17:52:41,49,res4,20.75
541,big_meat_s,1,size3,541,18:07:47,426,res16,12
542,bbq_ckn_l,1,size1,542,18:08:06,111,res2,20.75
542,prsc_argla_m,1,size2,542,18:08:06,111,res2,16.5
543,ckn_pesto_l,1,size1,543,18:23:59,479,res17,20.75
543,classic_dlx_m,1,size2,543,18:23:59,479,res17,16
543,mediterraneo_m,1,size2,543,18:23:59,479,res17,16
544,napolitana_m,1,size2,544,18:31:04,93,res2,16
544,sicilian_m,1,size2,544,18:31:04,93,res2,16.25
545,pepperoni_l,1,size1,545,18:46:28,76,res2,15.25
545,pepperoni_s,1,size3,545,18:46:28,76,res2,9.75
545,peppr_salami_l,1,size1,545,18:46:28,76,res2,20.75
545,soppressata_l,1,size1,545,18:46:28,76,res2,20.75
546,green_garden_s,1,size3,546,18:47:27,158,res9,12
547,big_meat_s,1,size3,547,18:49:23,470,res16,12
548,hawaiian_l,1,size1,548,19:06:09,441,res13,16.5
549,big_meat_s,1,size3,549,19:06:34,449,res16,12
549,thai_ckn_l,1,size1,549,19:06:34,449,res16,20.75
550,spinach_fet_m,1,size2,550,19:12:59,461,res16,16
550,the_greek_m,1,size2,550,19:12:59,461,res16,16
551,four_cheese_l,1,size1,551,19:26:24,192,res12,17.95
551,soppressata_m,1,size2,551,19:26:24,192,res12,16.5
551,thai_ckn_l,1,size1,551,19:26:24,192,res12,20.75
551,the_greek_m,1,size2,551,19:26:24,192,res12,16
552,ckn_alfredo_m,1,size2,552,19:31:25,334,res10,16.75
552,green_garden_s,1,size3,552,19:31:25,334,res10,12
552,ital_supr_l,1,size1,552,19:31:25,334,res10,20.75
553,mexicana_l,1,size1,553,20:14:47,176,res11,20.25
554,ckn_alfredo_m,1,size2,554,20:15:51,419,res17,16.75
554,green_garden_s,1,size3,554,20:15:51,419,res17,12
555,bbq_ckn_s,1,size3,555,20:18:25,156,res8,12.75
555,hawaiian_s,1,size3,555,20:18:25,156,res8,10.5
556,four_cheese_l,1,size1,556,20:23:12,298,res10,17.95
556,the_greek_xl,1,size4,556,20:23:12,298,res10,25.5
557,sicilian_s,1,size3,557,20:30:06,431,res16,12.25
557,spicy_ital_s,1,size3,557,20:30:06,431,res16,12.5
558,hawaiian_m,1,size2,558,20:51:10,364,res13,13.25
559,classic_dlx_s,1,size3,559,21:10:16,174,res8,12
560,green_garden_m,1,size2,560,21:13:48,75,res1,16
560,spicy_ital_m,1,size2,560,21:13:48,75,res1,16.5
561,spinach_supr_s,1,size3,561,21:47:56,271,res11,12.5
562,ckn_alfredo_m,1,size2,562,22:04:05,263,res11,16.75
563,mexicana_l,1,size1,563,22:19:03,36,res6,20.25
563,veggie_veg_s,1,size3,563,22:19:03,36,res6,12
564,mediterraneo_s,1,size3,564,22:32:32,230,res9,12
564,pepperoni_m,1,size2,564,22:32:32,230,res9,12.5
564,spinach_supr_l,1,size1,564,22:32:32,230,res9,20.75
565,ital_veggie_s,1,size3,565,12:11:19,449,res17,12.75
566,spinach_supr_l,1,size1,566,12:21:19,106,res1,20.75
567,bbq_ckn_l,1,size1,567,12:27:47,453,res16,20.75
567,five_cheese_l,2,size1,567,12:27:47,453,res16,37
567,four_cheese_m,1,size2,567,12:27:47,453,res16,14.75
567,pepperoni_m,1,size2,567,12:27:47,453,res16,12.5
567,sicilian_m,1,size2,567,12:27:47,453,res16,16.25
567,sicilian_s,1,size3,567,12:27:47,453,res16,12.25
567,soppressata_l,1,size1,567,12:27:47,453,res16,20.75
567,spicy_ital_l,1,size1,567,12:27:47,453,res16,20.75
567,spinach_supr_m,1,size2,567,12:27:47,453,res16,16.5
567,thai_ckn_s,1,size3,567,12:27:47,453,res16,12.75
568,mexicana_l,1,size1,568,12:28:53,395,res13,20.25
569,bbq_ckn_s,1,size3,569,12:37:10,169,res8,12.75
569,ckn_alfredo_m,1,size2,569,12:37:10,169,res8,16.75
569,classic_dlx_s,1,size3,569,12:37:10,169,res8,12
570,green_garden_m,1,size2,570,13:13:59,3,res3,16
570,southw_ckn_l,1,size1,570,13:13:59,3,res3,20.75
571,big_meat_s,1,size3,571,13:14:47,445,res13,12
572,southw_ckn_m,1,size2,572,13:15:32,452,res17,16.75
573,classic_dlx_m,1,size2,573,13:39:33,390,res13,16
573,five_cheese_l,1,size1,573,13:39:33,390,res13,18.5
574,ital_veggie_m,1,size2,574,13:40:54,70,res5,16.75
575,classic_dlx_l,1,size1,575,13:41:04,414,res13,20.5
575,napolitana_l,1,size1,575,13:41:04,414,res13,20.5
575,pepperoni_l,1,size1,575,13:41:04,414,res13,15.25
575,spinach_fet_m,1,size2,575,13:41:04,414,res13,16
576,big_meat_s,1,size3,576,13:44:22,409,res14,12
576,ckn_alfredo_m,1,size2,576,13:44:22,409,res14,16.75
576,spinach_fet_s,1,size3,576,13:44:22,409,res14,12
577,spinach_fet_m,1,size2,577,13:45:00,119,res4,16
577,veggie_veg_l,1,size1,577,13:45:00,119,res4,20.25
578,bbq_ckn_s,1,size3,578,13:48:49,186,res9,12.75
578,calabrese_m,1,size2,578,13:48:49,186,res9,16.25
578,pepperoni_l,1,size1,578,13:48:49,186,res9,15.25
578,peppr_salami_m,1,size2,578,13:48:49,186,res9,16.5
578,the_greek_xl,1,size4,578,13:48:49,186,res9,25.5
579,green_garden_s,1,size3,579,13:51:19,109,res7,12
580,hawaiian_m,1,size2,580,13:56:01,484,res17,13.25
580,southw_ckn_m,1,size2,580,13:56:01,484,res17,16.75
581,mexicana_l,1,size1,581,14:13:01,469,res17,20.25
582,mediterraneo_l,1,size1,582,14:24:14,482,res13,20.25
583,ital_supr_l,1,size1,583,14:33:19,166,res10,20.75
584,sicilian_s,1,size3,584,15:05:29,298,res12,12.25
584,soppressata_s,1,size3,584,15:05:29,298,res12,12.5
585,brie_carre_s,1,size3,585,15:58:42,31,res7,23.65
585,mexicana_l,1,size1,585,15:58:42,31,res7,20.25
586,ital_cpcllo_m,1,size2,586,16:09:57,144,res9,16
586,southw_ckn_m,1,size2,586,16:09:57,144,res9,16.75
587,peppr_salami_l,1,size1,587,16:32:36,135,res12,20.75
587,peppr_salami_s,1,size3,587,16:32:36,135,res12,12.5
588,cali_ckn_s,1,size3,588,16:33:36,301,res10,12.75
589,ital_supr_s,1,size3,589,17:12:39,178,res10,12.5
589,mediterraneo_m,1,size2,589,17:12:39,178,res10,16
589,veggie_veg_s,1,size3,589,17:12:39,178,res10,12
590,five_cheese_l,1,size1,590,17:23:39,89,res2,18.5
591,four_cheese_l,1,size1,591,17:32:54,168,res12,17.95
591,southw_ckn_s,1,size3,591,17:32:54,168,res12,12.75
591,spin_pesto_l,1,size1,591,17:32:54,168,res12,20.75
592,ital_veggie_s,1,size3,592,17:41:55,455,res13,12.75
592,pep_msh_pep_m,1,size2,592,17:41:55,455,res13,14.5
592,thai_ckn_l,1,size1,592,17:41:55,455,res13,20.75
593,cali_ckn_l,1,size1,593,17:48:57,339,res12,20.75
593,spicy_ital_l,1,size1,593,17:48:57,339,res12,20.75
594,calabrese_l,1,size1,594,17:50:19,337,res11,20.25
595,classic_dlx_l,1,size1,595,18:12:28,256,res11,20.5
595,prsc_argla_m,1,size2,595,18:12:28,256,res11,16.5
596,pep_msh_pep_s,1,size3,596,18:24:07,104,res6,11
596,soppressata_s,1,size3,596,18:24:07,104,res6,12.5
597,cali_ckn_l,1,size1,597,18:32:36,345,res10,20.75
597,prsc_argla_m,1,size2,597,18:32:36,345,res10,16.5
597,spicy_ital_m,1,size2,597,18:32:36,345,res10,16.5
598,prsc_argla_l,1,size1,598,18:34:14,40,res3,20.75
599,peppr_salami_l,1,size1,599,18:34:27,317,res11,20.75
600,classic_dlx_s,1,size3,600,18:53:52,418,res15,12
600,four_cheese_l,1,size1,600,18:53:52,418,res15,17.95
600,mediterraneo_m,1,size2,600,18:53:52,418,res15,16
600,mexicana_m,1,size2,600,18:53:52,418,res15,16
601,bbq_ckn_l,1,size1,601,18:58:19,67,res3,20.75
601,classic_dlx_s,1,size3,601,18:58:19,67,res3,12
601,spin_pesto_m,1,size2,601,18:58:19,67,res3,16.5
602,peppr_salami_l,1,size1,602,19:02:27,260,res11,20.75
603,mexicana_m,1,size2,603,19:03:11,131,res8,16
604,soppressata_s,1,size3,604,19:13:29,38,res7,12.5
604,spinach_supr_m,1,size2,604,19:13:29,38,res7,16.5
605,pepperoni_m,1,size2,605,19:23:51,296,res8,12.5
605,the_greek_xl,1,size4,605,19:23:51,296,res8,25.5
606,pepperoni_l,1,size1,606,19:27:18,275,res10,15.25
607,bbq_ckn_m,1,size2,607,19:36:16,271,res8,16.75
607,ital_supr_m,1,size2,607,19:36:16,271,res8,16.5
607,spinach_supr_l,1,size1,607,19:36:16,271,res8,20.75
608,hawaiian_l,1,size1,608,19:36:33,451,res15,16.5
608,pepperoni_m,1,size2,608,19:36:33,451,res15,12.5
608,thai_ckn_l,1,size1,608,19:36:33,451,res15,20.75
608,thai_ckn_s,1,size3,608,19:36:33,451,res15,12.75
609,four_cheese_l,1,size1,609,19:39:32,111,res5,17.95
610,big_meat_s,1,size3,610,19:51:02,2,res7,12
610,pepperoni_l,1,size1,610,19:51:02,2,res7,15.25
611,five_cheese_l,1,size1,611,19:58:10,230,res9,18.5
611,mexicana_s,1,size3,611,19:58:10,230,res9,12
611,southw_ckn_m,1,size2,611,19:58:10,230,res9,16.75
611,the_greek_xl,1,size4,611,19:58:10,230,res9,25.5
612,big_meat_s,1,size3,612,19:58:15,59,res2,12
612,ital_supr_l,1,size1,612,19:58:15,59,res2,20.75
612,mexicana_l,1,size1,612,19:58:15,59,res2,20.25
612,soppressata_s,1,size3,612,19:58:15,59,res2,12.5
613,napolitana_s,1,size3,613,20:10:44,319,res8,12
614,peppr_salami_l,1,size1,614,20:12:33,270,res9,20.75
615,cali_ckn_l,1,size1,615,20:14:03,143,res11,20.75
615,pep_msh_pep_m,1,size2,615,20:14:03,143,res11,14.5
616,prsc_argla_l,1,size1,616,20:20:10,95,res4,20.75
616,veggie_veg_m,1,size2,616,20:20:10,95,res4,16
617,ckn_pesto_l,1,size1,617,20:27:26,19,res2,20.75
617,southw_ckn_m,1,size2,617,20:27:26,19,res2,16.75
618,prsc_argla_m,1,size2,618,20:31:14,501,res16,16.5
618,spin_pesto_m,1,size2,618,20:31:14,501,res16,16.5
619,ital_cpcllo_l,1,size1,619,20:41:58,167,res9,20.5
620,bbq_ckn_l,1,size1,620,20:45:45,98,res5,20.75
620,cali_ckn_m,1,size2,620,20:45:45,98,res5,16.75
620,peppr_salami_m,1,size2,620,20:45:45,98,res5,16.5
620,the_greek_s,1,size3,620,20:45:45,98,res5,12
621,calabrese_m,1,size2,621,20:49:29,378,res16,16.25
621,four_cheese_l,1,size1,621,20:49:29,378,res16,17.95
621,mexicana_l,1,size1,621,20:49:29,378,res16,20.25
621,spicy_ital_l,1,size1,621,20:49:29,378,res16,20.75
622,ital_supr_m,1,size2,622,20:57:41,324,res11,16.5
622,spicy_ital_l,1,size1,622,20:57:41,324,res11,20.75
623,cali_ckn_l,1,size1,623,21:21:21,219,res8,20.75
623,hawaiian_l,1,size1,623,21:21:21,219,res8,16.5
624,cali_ckn_m,1,size2,624,21:22:44,136,res8,16.75
624,veggie_veg_m,1,size2,624,21:22:44,136,res8,16
625,spinach_fet_l,1,size1,625,21:50:23,118,res4,20.25
625,spinach_supr_m,1,size2,625,21:50:23,118,res4,16.5
626,classic_dlx_m,1,size2,626,21:55:12,82,res6,16
626,four_cheese_m,1,size2,626,21:55:12,82,res6,14.75
627,the_greek_l,1,size1,627,22:18:35,494,res17,20.5
627,the_greek_m,1,size2,627,22:18:35,494,res17,16
628,classic_dlx_l,1,size1,628,22:47:17,242,res8,20.5
628,ital_veggie_s,1,size3,628,22:47:17,242,res8,12.75
628,the_greek_s,1,size3,628,22:47:17,242,res8,12
628,veggie_veg_s,1,size3,628,22:47:17,242,res8,12
629,calabrese_m,1,size2,629,22:48:39,339,res10,16.25
629,five_cheese_l,1,size1,629,22:48:39,339,res10,18.5
629,pep_msh_pep_m,1,size2,629,22:48:39,339,res10,14.5
629,spin_pesto_l,1,size1,629,22:48:39,339,res10,20.75
630,sicilian_s,1,size3,630,11:42:08,235,res8,12.25
631,pepperoni_l,1,size1,631,11:44:36,48,res5,15.25
632,classic_dlx_s,1,size3,632,11:44:52,288,res8,12
633,mediterraneo_l,1,size1,633,11:51:45,241,res9,20.25
633,pepperoni_l,1,size1,633,11:51:45,241,res9,15.25
633,peppr_salami_l,1,size1,633,11:51:45,241,res9,20.75
634,pepperoni_l,1,size1,634,12:14:15,295,res8,15.25
635,calabrese_l,1,size1,635,12:18:31,299,res12,20.25
635,cali_ckn_s,2,size3,635,12:18:31,299,res12,25.5
635,hawaiian_s,1,size3,635,12:18:31,299,res12,10.5
635,mexicana_l,1,size1,635,12:18:31,299,res12,20.25
635,pepperoni_m,1,size2,635,12:18:31,299,res12,12.5
635,pepperoni_s,1,size3,635,12:18:31,299,res12,9.75
635,peppr_salami_s,1,size3,635,12:18:31,299,res12,12.5
635,sicilian_s,1,size3,635,12:18:31,299,res12,12.25
635,spinach_fet_l,1,size1,635,12:18:31,299,res12,20.25
635,spinach_fet_s,1,size3,635,12:18:31,299,res12,12
636,classic_dlx_m,1,size2,636,12:34:44,33,res1,16
637,the_greek_l,1,size1,637,12:44:10,438,res17,20.5
637,veggie_veg_m,1,size2,637,12:44:10,438,res17,16
638,mexicana_l,1,size1,638,12:49:26,27,res4,20.25
639,pep_msh_pep_m,1,size2,639,13:23:21,491,res17,14.5
640,cali_ckn_s,1,size3,640,13:28:08,71,res6,12.75
640,ckn_pesto_l,1,size1,640,13:28:08,71,res6,20.75
640,napolitana_s,1,size3,640,13:28:08,71,res6,12
641,pepperoni_m,1,size2,641,13:37:46,285,res8,12.5
641,southw_ckn_l,1,size1,641,13:37:46,285,res8,20.75
641,spin_pesto_m,1,size2,641,13:37:46,285,res8,16.5
641,spinach_fet_s,1,size3,641,13:37:46,285,res8,12
642,calabrese_m,1,size2,642,13:40:00,214,res12,16.25
642,cali_ckn_l,1,size1,642,13:40:00,214,res12,20.75
642,ital_supr_l,1,size1,642,13:40:00,214,res12,20.75
642,soppressata_l,1,size1,642,13:40:00,214,res12,20.75
643,spinach_fet_m,1,size2,643,13:43:19,414,res13,16
644,ital_supr_l,1,size1,644,13:52:52,271,res10,20.75
644,peppr_salami_m,1,size2,644,13:52:52,271,res10,16.5
645,bbq_ckn_m,1,size2,645,14:03:45,217,res10,16.75
645,big_meat_s,1,size3,645,14:03:45,217,res10,12
646,hawaiian_s,1,size3,646,14:07:26,255,res9,10.5
646,thai_ckn_l,1,size1,646,14:07:26,255,res9,20.75
647,hawaiian_s,1,size3,647,14:07:35,146,res11,10.5
648,four_cheese_l,1,size1,648,14:17:17,250,res11,17.95
648,pepperoni_m,1,size2,648,14:17:17,250,res11,12.5
649,cali_ckn_s,1,size3,649,14:29:23,473,res14,12.75
649,pepperoni_m,1,size2,649,14:29:23,473,res14,12.5
649,peppr_salami_m,1,size2,649,14:29:23,473,res14,16.5
649,sicilian_s,1,size3,649,14:29:23,473,res14,12.25
650,pepperoni_m,1,size2,650,14:34:05,188,res8,12.5
651,bbq_ckn_s,1,size3,651,14:49:35,289,res12,12.75
651,calabrese_m,1,size2,651,14:49:35,289,res12,16.25
651,pepperoni_m,1,size2,651,14:49:35,289,res12,12.5
652,big_meat_s,1,size3,652,16:03:38,24,res1,12
652,ckn_alfredo_m,1,size2,652,16:03:38,24,res1,16.75
652,ckn_pesto_s,1,size3,652,16:03:38,24,res1,12.75
652,prsc_argla_s,1,size3,652,16:03:38,24,res1,12.5
653,thai_ckn_s,1,size3,653,16:18:23,366,res13,12.75
654,mexicana_l,1,size1,654,16:34:07,45,res2,20.25
654,sicilian_l,1,size1,654,16:34:07,45,res2,20.25
654,spin_pesto_m,1,size2,654,16:34:07,45,res2,16.5
655,ital_supr_m,1,size2,655,16:43:33,417,res17,16.5
656,thai_ckn_l,1,size1,656,16:44:49,286,res8,20.75
656,veggie_veg_l,1,size1,656,16:44:49,286,res8,20.25
657,bbq_ckn_m,1,size2,657,16:45:47,427,res16,16.75
657,classic_dlx_m,1,size2,657,16:45:47,427,res16,16
658,napolitana_m,1,size2,658,16:55:24,364,res13,16
658,peppr_salami_s,1,size3,658,16:55:24,364,res13,12.5
658,veggie_veg_m,1,size2,658,16:55:24,364,res13,16
659,ital_supr_m,1,size2,659,16:56:39,89,res1,16.5
659,sicilian_l,1,size1,659,16:56:39,89,res1,20.25
660,bbq_ckn_s,1,size3,660,17:09:36,441,res15,12.75
660,ital_supr_m,1,size2,660,17:09:36,441,res15,16.5
661,napolitana_s,1,size3,661,17:18:14,498,res14,12
662,bbq_ckn_l,1,size1,662,17:21:49,121,res2,20.75
662,prsc_argla_s,1,size3,662,17:21:49,121,res2,12.5
663,four_cheese_l,1,size1,663,17:29:14,249,res9,17.95
664,calabrese_m,1,size2,664,17:35:14,41,res7,16.25
664,ital_supr_l,1,size1,664,17:35:14,41,res7,20.75
664,pepperoni_l,1,size1,664,17:35:14,41,res7,15.25
665,bbq_ckn_m,1,size2,665,17:42:23,144,res8,16.75
665,mediterraneo_s,1,size3,665,17:42:23,144,res8,12
666,hawaiian_l,1,size1,666,17:42:25,92,res2,16.5
667,big_meat_s,1,size3,667,18:13:08,476,res14,12
667,pepperoni_s,1,size3,667,18:13:08,476,res14,9.75
668,ital_supr_m,1,size2,668,18:13:12,4,res1,16.5
668,mexicana_l,1,size1,668,18:13:12,4,res1,20.25
668,peppr_salami_l,1,size1,668,18:13:12,4,res1,20.75
668,spicy_ital_m,1,size2,668,18:13:12,4,res1,16.5
669,ital_cpcllo_l,1,size1,669,18:40:44,75,res3,20.5
669,mexicana_l,1,size1,669,18:40:44,75,res3,20.25
670,ital_cpcllo_s,1,size3,670,18:46:25,465,res15,12
670,soppressata_m,1,size2,670,18:46:25,465,res15,16.5
671,ckn_pesto_s,1,size3,671,19:18:42,340,res9,12.75
672,green_garden_m,1,size2,672,19:18:46,195,res9,16
672,spicy_ital_l,1,size1,672,19:18:46,195,res9,20.75
673,soppressata_l,1,size1,673,19:28:13,380,res17,20.75
673,thai_ckn_m,1,size2,673,19:28:13,380,res17,16.75
674,ckn_pesto_m,1,size2,674,19:33:05,179,res12,16.75
674,mexicana_l,1,size1,674,19:33:05,179,res12,20.25
674,prsc_argla_s,1,size3,674,19:33:05,179,res12,12.5
674,spinach_fet_m,1,size2,674,19:33:05,179,res12,16
675,napolitana_l,1,size1,675,19:33:19,348,res12,20.5
676,mexicana_l,1,size1,676,19:44:57,387,res17,20.25
676,veggie_veg_m,1,size2,676,19:44:57,387,res17,16
677,peppr_salami_l,1,size1,677,19:51:09,492,res17,20.75
678,mexicana_s,1,size3,678,19:52:49,196,res9,12
678,napolitana_m,1,size2,678,19:52:49,196,res9,16
678,spicy_ital_m,2,size2,678,19:52:49,196,res9,33
679,brie_carre_s,1,size3,679,20:31:02,290,res9,23.65
679,four_cheese_m,1,size2,679,20:31:02,290,res9,14.75
679,ital_supr_l,1,size1,679,20:31:02,290,res9,20.75
679,mediterraneo_l,1,size1,679,20:31:02,290,res9,20.25
680,ckn_pesto_s,1,size3,680,21:07:30,188,res10,12.75
680,sicilian_m,1,size2,680,21:07:30,188,res10,16.25
681,peppr_salami_l,1,size1,681,21:29:50,26,res4,20.75
682,ital_supr_l,1,size1,682,11:38:15,285,res8,20.75
683,ckn_pesto_l,1,size1,683,11:39:08,54,res3,20.75
683,ital_veggie_s,1,size3,683,11:39:08,54,res3,12.75
683,peppr_salami_m,1,size2,683,11:39:08,54,res3,16.5
684,four_cheese_l,1,size1,684,12:01:23,106,res4,17.95
685,soppressata_l,1,size1,685,12:11:46,196,res11,20.75
686,big_meat_s,1,size3,686,12:13:07,287,res12,12
687,ital_veggie_m,1,size2,687,12:21:09,487,res15,16.75
688,spicy_ital_l,1,size1,688,12:26:41,171,res9,20.75
688,spinach_supr_m,1,size2,688,12:26:41,171,res9,16.5
689,thai_ckn_l,1,size1,689,12:33:22,346,res10,20.75
689,thai_ckn_m,1,size2,689,12:33:22,346,res10,16.75
690,pepperoni_m,1,size2,690,12:42:10,180,res9,12.5
691,bbq_ckn_l,1,size1,691,12:45:53,32,res1,20.75
692,cali_ckn_m,1,size2,692,12:53:37,319,res12,16.75
692,ital_veggie_m,1,size2,692,12:53:37,319,res12,16.75
693,bbq_ckn_l,1,size1,693,13:04:24,248,res11,20.75
693,big_meat_s,1,size3,693,13:04:24,248,res11,12
693,green_garden_m,1,size2,693,13:04:24,248,res11,16
693,ital_cpcllo_s,1,size3,693,13:04:24,248,res11,12
694,ital_veggie_l,1,size1,694,13:30:47,398,res13,21
694,pep_msh_pep_m,1,size2,694,13:30:47,398,res13,14.5
694,pepperoni_l,1,size1,694,13:30:47,398,res13,15.25
695,southw_ckn_s,1,size3,695,13:33:06,285,res10,12.75
696,prsc_argla_m,1,size2,696,13:49:40,339,res8,16.5
696,spicy_ital_s,1,size3,696,13:49:40,339,res8,12.5
697,classic_dlx_m,1,size2,697,13:58:56,302,res10,16
697,spin_pesto_s,1,size3,697,13:58:56,302,res10,12.5
698,big_meat_s,1,size3,698,14:08:16,83,res3,12
698,pep_msh_pep_l,1,size1,698,14:08:16,83,res3,17.5
698,thai_ckn_l,1,size1,698,14:08:16,83,res3,20.75
699,pepperoni_s,1,size3,699,14:27:03,440,res16,9.75
700,brie_carre_s,1,size3,700,14:31:13,226,res11,23.65
700,ckn_pesto_s,1,size3,700,14:31:13,226,res11,12.75
700,ital_cpcllo_l,1,size1,700,14:31:13,226,res11,20.5
700,peppr_salami_s,1,size3,700,14:31:13,226,res11,12.5
700,sicilian_s,1,size3,700,14:31:13,226,res11,12.25
701,hawaiian_s,1,size3,701,14:33:39,332,res9,10.5
701,prsc_argla_s,1,size3,701,14:33:39,332,res9,12.5
702,bbq_ckn_s,1,size3,702,14:38:35,113,res4,12.75
702,sicilian_s,1,size3,702,14:38:35,113,res4,12.25
703,peppr_salami_s,1,size3,703,15:08:01,305,res11,12.5
704,calabrese_m,1,size2,704,15:28:25,329,res10,16.25
704,mediterraneo_l,1,size1,704,15:28:25,329,res10,20.25
705,green_garden_s,1,size3,705,15:31:00,22,res1,12
705,ital_supr_m,1,size2,705,15:31:00,22,res1,16.5
705,southw_ckn_m,1,size2,705,15:31:00,22,res1,16.75
706,cali_ckn_s,1,size3,706,15:39:04,497,res14,12.75
706,napolitana_l,1,size1,706,15:39:04,497,res14,20.5
707,bbq_ckn_m,1,size2,707,15:41:32,153,res11,16.75
707,peppr_salami_l,1,size1,707,15:41:32,153,res11,20.75
707,southw_ckn_l,1,size1,707,15:41:32,153,res11,20.75
708,four_cheese_l,1,size1,708,15:52:44,250,res10,17.95
709,bbq_ckn_s,1,size3,709,15:53:56,335,res8,12.75
710,hawaiian_l,1,size1,710,15:59:52,152,res8,16.5
710,southw_ckn_l,1,size1,710,15:59:52,152,res8,20.75
710,the_greek_s,1,size3,710,15:59:52,152,res8,12
710,the_greek_xl,1,size4,710,15:59:52,152,res8,25.5
711,ckn_alfredo_m,1,size2,711,16:21:10,474,res13,16.75
711,mexicana_l,1,size1,711,16:21:10,474,res13,20.25
711,pep_msh_pep_m,1,size2,711,16:21:10,474,res13,14.5
711,sicilian_l,1,size1,711,16:21:10,474,res13,20.25
712,ital_veggie_l,1,size1,712,16:22:18,124,res12,21
713,five_cheese_l,1,size1,713,16:31:56,470,res15,18.5
713,mediterraneo_s,1,size3,713,16:31:56,470,res15,12
714,classic_dlx_m,1,size2,714,16:55:08,54,res2,16
714,hawaiian_l,1,size1,714,16:55:08,54,res2,16.5
714,hawaiian_s,1,size3,714,16:55:08,54,res2,10.5
714,ital_cpcllo_l,1,size1,714,16:55:08,54,res2,20.5
715,pepperoni_m,1,size2,715,17:05:33,79,res5,12.5
715,peppr_salami_m,1,size2,715,17:05:33,79,res5,16.5
715,spinach_fet_m,1,size2,715,17:05:33,79,res5,16
716,big_meat_s,1,size3,716,17:06:05,258,res11,12
717,bbq_ckn_m,1,size2,717,17:24:44,188,res9,16.75
717,southw_ckn_l,1,size1,717,17:24:44,188,res9,20.75
718,cali_ckn_m,1,size2,718,17:46:30,170,res9,16.75
718,southw_ckn_l,1,size1,718,17:46:30,170,res9,20.75
719,bbq_ckn_l,1,size1,719,17:52:27,335,res8,20.75
719,mexicana_s,1,size3,719,17:52:27,335,res8,12
720,green_garden_m,1,size2,720,17:53:59,461,res14,16
720,napolitana_l,1,size1,720,17:53:59,461,res14,20.5
720,pep_msh_pep_m,1,size2,720,17:53:59,461,res14,14.5
720,sicilian_m,1,size2,720,17:53:59,461,res14,16.25
721,classic_dlx_s,1,size3,721,18:17:15,194,res11,12
721,spicy_ital_l,1,size1,721,18:17:15,194,res11,20.75
722,napolitana_l,1,size1,722,18:20:58,235,res10,20.5
722,spin_pesto_s,1,size3,722,18:20:58,235,res10,12.5
723,bbq_ckn_l,1,size1,723,18:21:04,304,res9,20.75
723,pepperoni_s,1,size3,723,18:21:04,304,res9,9.75
724,big_meat_s,1,size3,724,18:24:47,22,res1,12
724,green_garden_m,1,size2,724,18:24:47,22,res1,16
724,southw_ckn_l,2,size1,724,18:24:47,22,res1,41.5
725,big_meat_s,1,size3,725,18:33:14,476,res16,12
725,mexicana_s,1,size3,725,18:33:14,476,res16,12
725,thai_ckn_l,1,size1,725,18:33:14,476,res16,20.75
725,the_greek_xl,1,size4,725,18:33:14,476,res16,25.5
726,sicilian_s,1,size3,726,18:34:25,363,res17,12.25
727,sicilian_s,1,size3,727,18:44:57,174,res11,12.25
728,southw_ckn_m,1,size2,728,18:53:17,167,res9,16.75
728,thai_ckn_s,1,size3,728,18:53:17,167,res9,12.75
728,the_greek_m,1,size2,728,18:53:17,167,res9,16
729,classic_dlx_m,1,size2,729,19:20:41,232,res8,16
729,hawaiian_l,1,size1,729,19:20:41,232,res8,16.5
729,sicilian_s,1,size3,729,19:20:41,232,res8,12.25
730,ital_supr_m,1,size2,730,19:22:00,40,res7,16.5
731,sicilian_m,1,size2,731,19:27:47,267,res8,16.25
731,veggie_veg_s,1,size3,731,19:27:47,267,res8,12
732,spinach_fet_l,1,size1,732,19:30:17,179,res12,20.25
733,cali_ckn_s,1,size3,733,19:57:36,6,res5,12.75
733,ital_cpcllo_l,1,size1,733,19:57:36,6,res5,20.5
733,pepperoni_s,1,size3,733,19:57:36,6,res5,9.75
733,thai_ckn_l,1,size1,733,19:57:36,6,res5,20.75
734,pepperoni_s,1,size3,734,20:00:30,130,res11,9.75
735,ckn_pesto_s,1,size3,735,20:35:34,146,res9,12.75
735,pep_msh_pep_m,1,size2,735,20:35:34,146,res9,14.5
735,pep_msh_pep_s,1,size3,735,20:35:34,146,res9,11
736,five_cheese_l,1,size1,736,21:35:14,223,res8,18.5
736,veggie_veg_s,1,size3,736,21:35:14,223,res8,12
737,bbq_ckn_m,1,size2,737,11:31:34,166,res11,16.75
737,thai_ckn_m,1,size2,737,11:31:34,166,res11,16.75
738,southw_ckn_m,1,size2,738,12:16:47,332,res10,16.75
739,big_meat_s,1,size3,739,12:19:38,248,res8,12
740,cali_ckn_m,1,size2,740,12:29:51,452,res15,16.75
740,ckn_pesto_l,1,size1,740,12:29:51,452,res15,20.75
740,five_cheese_l,2,size1,740,12:29:51,452,res15,37
740,four_cheese_l,1,size1,740,12:29:51,452,res15,17.95
740,ital_cpcllo_l,2,size1,740,12:29:51,452,res15,41
740,ital_supr_m,1,size2,740,12:29:51,452,res15,16.5
740,napolitana_l,1,size1,740,12:29:51,452,res15,20.5
740,prsc_argla_m,1,size2,740,12:29:51,452,res15,16.5
740,sicilian_l,1,size1,740,12:29:51,452,res15,20.25
740,spinach_fet_l,1,size1,740,12:29:51,452,res15,20.25
740,spinach_fet_m,1,size2,740,12:29:51,452,res15,16
740,spinach_fet_s,1,size3,740,12:29:51,452,res15,12
740,the_greek_xl,1,size4,740,12:29:51,452,res15,25.5
741,napolitana_m,1,size2,741,12:49:09,42,res6,16
742,bbq_ckn_l,1,size1,742,12:53:01,155,res12,20.75
743,napolitana_l,1,size1,743,13:08:32,356,res12,20.5
744,peppr_salami_m,1,size2,744,13:34:48,116,res5,16.5
745,bbq_ckn_l,1,size1,745,13:36:53,401,res17,20.75
745,cali_ckn_m,1,size2,745,13:36:53,401,res17,16.75
745,classic_dlx_m,1,size2,745,13:36:53,401,res17,16
745,four_cheese_m,1,size2,745,13:36:53,401,res17,14.75
745,mediterraneo_m,1,size2,745,13:36:53,401,res17,16
745,napolitana_l,1,size1,745,13:36:53,401,res17,20.5
745,the_greek_m,1,size2,745,13:36:53,401,res17,16
746,spicy_ital_l,1,size1,746,13:41:13,246,res10,20.75
746,veggie_veg_m,1,size2,746,13:41:13,246,res10,16
747,mexicana_l,1,size1,747,14:15:02,186,res11,20.25
747,sicilian_s,1,size3,747,14:15:02,186,res11,12.25
747,spicy_ital_l,1,size1,747,14:15:02,186,res11,20.75
748,five_cheese_l,1,size1,748,14:27:31,181,res10,18.5
749,pepperoni_m,1,size2,749,14:29:23,338,res10,12.5
750,pep_msh_pep_m,1,size2,750,14:48:09,368,res15,14.5
751,calabrese_l,1,size1,751,15:07:35,130,res12,20.25
751,hawaiian_s,1,size3,751,15:07:35,130,res12,10.5
751,napolitana_s,1,size3,751,15:07:35,130,res12,12
751,veggie_veg_m,1,size2,751,15:07:35,130,res12,16
752,hawaiian_s,1,size3,752,15:19:25,44,res2,10.5
752,soppressata_s,1,size3,752,15:19:25,44,res2,12.5
753,green_garden_s,1,size3,753,15:22:11,165,res11,12
753,hawaiian_s,1,size3,753,15:22:11,165,res11,10.5
753,ital_supr_m,1,size2,753,15:22:11,165,res11,16.5
753,prsc_argla_l,1,size1,753,15:22:11,165,res11,20.75
754,pep_msh_pep_m,1,size2,754,15:47:56,55,res5,14.5
754,southw_ckn_l,1,size1,754,15:47:56,55,res5,20.75
755,bbq_ckn_m,1,size2,755,15:50:49,461,res16,16.75
755,four_cheese_m,1,size2,755,15:50:49,461,res16,14.75
756,ckn_pesto_s,1,size3,756,15:55:11,113,res2,12.75
756,spin_pesto_m,1,size2,756,15:55:11,113,res2,16.5
756,veggie_veg_s,1,size3,756,15:55:11,113,res2,12
757,napolitana_l,1,size1,757,16:10:34,119,res4,20.5
757,pepperoni_m,1,size2,757,16:10:34,119,res4,12.5
757,spicy_ital_l,1,size1,757,16:10:34,119,res4,20.75
757,veggie_veg_m,1,size2,757,16:10:34,119,res4,16
758,four_cheese_m,1,size2,758,16:14:43,125,res10,14.75
758,prsc_argla_s,1,size3,758,16:14:43,125,res10,12.5
759,calabrese_l,1,size1,759,16:14:56,136,res12,20.25
760,cali_ckn_s,1,size3,760,16:27:40,156,res10,12.75
761,sicilian_s,1,size3,761,16:30:20,422,res14,12.25
761,soppressata_m,1,size2,761,16:30:20,422,res14,16.5
762,ital_cpcllo_l,1,size1,762,16:36:36,209,res8,20.5
762,soppressata_l,1,size1,762,16:36:36,209,res8,20.75
762,thai_ckn_l,1,size1,762,16:36:36,209,res8,20.75
762,the_greek_xl,1,size4,762,16:36:36,209,res8,25.5
763,classic_dlx_m,1,size2,763,16:38:57,35,res4,16
764,ital_supr_m,1,size2,764,16:39:39,203,res10,16.5
764,the_greek_xl,1,size4,764,16:39:39,203,res10,25.5
765,cali_ckn_s,1,size3,765,17:11:41,267,res8,12.75
765,ital_cpcllo_l,1,size1,765,17:11:41,267,res8,20.5
765,peppr_salami_s,1,size3,765,17:11:41,267,res8,12.5
765,sicilian_s,1,size3,765,17:11:41,267,res8,12.25
766,ital_veggie_s,1,size3,766,17:21:45,389,res14,12.75
766,mexicana_m,1,size2,766,17:21:45,389,res14,16
766,southw_ckn_l,1,size1,766,17:21:45,389,res14,20.75
767,classic_dlx_l,1,size1,767,17:21:48,377,res15,20.5
768,brie_carre_s,1,size3,768,17:23:34,151,res11,23.65
769,four_cheese_m,1,size2,769,17:43:17,85,res6,14.75
770,peppr_salami_l,1,size1,770,17:44:13,34,res6,20.75
770,sicilian_s,1,size3,770,17:44:13,34,res6,12.25
771,cali_ckn_m,1,size2,771,17:59:32,168,res9,16.75
771,sicilian_s,1,size3,771,17:59:32,168,res9,12.25
772,ital_veggie_m,1,size2,772,18:07:59,102,res6,16.75
773,classic_dlx_m,1,size2,773,18:18:15,455,res17,16
773,pep_msh_pep_l,1,size1,773,18:18:15,455,res17,17.5
774,ckn_pesto_l,1,size1,774,18:31:07,29,res2,20.75
774,spinach_fet_s,1,size3,774,18:31:07,29,res2,12
775,bbq_ckn_l,1,size1,775,18:42:12,133,res10,20.75
775,five_cheese_l,1,size1,775,18:42:12,133,res10,18.5
775,pep_msh_pep_s,1,size3,775,18:42:12,133,res10,11
775,prsc_argla_m,1,size2,775,18:42:12,133,res10,16.5
776,spinach_fet_s,1,size3,776,18:50:43,411,res13,12
776,thai_ckn_l,2,size1,776,18:50:43,411,res13,41.5
777,bbq_ckn_l,1,size1,777,19:10:20,47,res4,20.75
777,the_greek_m,1,size2,777,19:10:20,47,res4,16
778,four_cheese_m,1,size2,778,19:18:08,382,res16,14.75
778,ital_supr_m,1,size2,778,19:18:08,382,res16,16.5
778,prsc_argla_m,1,size2,778,19:18:08,382,res16,16.5
778,southw_ckn_m,1,size2,778,19:18:08,382,res16,16.75
779,classic_dlx_m,1,size2,779,19:19:58,471,res16,16
779,ital_cpcllo_m,1,size2,779,19:19:58,471,res16,16
779,ital_supr_l,1,size1,779,19:19:58,471,res16,20.75
779,ital_supr_m,1,size2,779,19:19:58,471,res16,16.5
780,big_meat_s,1,size3,780,20:12:49,273,res8,12
780,ital_cpcllo_l,1,size1,780,20:12:49,273,res8,20.5
781,ital_cpcllo_l,1,size1,781,20:31:17,207,res10,20.5
781,southw_ckn_l,1,size1,781,20:31:17,207,res10,20.75
781,southw_ckn_m,1,size2,781,20:31:17,207,res10,16.75
781,veggie_veg_l,1,size1,781,20:31:17,207,res10,20.25
782,calabrese_l,1,size1,782,20:36:27,47,res1,20.25
782,thai_ckn_l,1,size1,782,20:36:27,47,res1,20.75
783,spinach_fet_m,1,size2,783,21:17:08,314,res11,16
783,thai_ckn_l,1,size1,783,21:17:08,314,res11,20.75
783,veggie_veg_m,1,size2,783,21:17:08,314,res11,16
784,napolitana_m,1,size2,784,21:39:41,30,res4,16
785,hawaiian_l,1,size1,785,11:28:44,126,res9,16.5
785,southw_ckn_l,1,size1,785,11:28:44,126,res9,20.75
786,five_cheese_l,1,size1,786,11:35:30,402,res17,18.5
787,cali_ckn_m,1,size2,787,11:45:30,489,res15,16.75
787,spicy_ital_l,1,size1,787,11:45:30,489,res15,20.75
788,sicilian_s,1,size3,788,11:46:19,280,res9,12.25
789,spinach_fet_l,1,size1,789,11:51:37,313,res9,20.25
790,five_cheese_l,1,size1,790,12:07:30,173,res8,18.5
790,spinach_supr_l,1,size1,790,12:07:30,173,res8,20.75
791,pepperoni_s,1,size3,791,12:23:54,158,res9,9.75
791,thai_ckn_m,1,size2,791,12:23:54,158,res9,16.75
792,ckn_alfredo_m,1,size2,792,12:37:48,140,res11,16.75
792,four_cheese_l,1,size1,792,12:37:48,140,res11,17.95
792,ital_veggie_m,1,size2,792,12:37:48,140,res11,16.75
792,mexicana_l,1,size1,792,12:37:48,140,res11,20.25
792,prsc_argla_s,1,size3,792,12:37:48,140,res11,12.5
792,spin_pesto_l,2,size1,792,12:37:48,140,res11,41.5
792,veggie_veg_m,1,size2,792,12:37:48,140,res11,16
793,prsc_argla_l,1,size1,793,12:38:27,130,res10,20.75
794,napolitana_m,1,size2,794,12:39:16,242,res8,16
795,five_cheese_l,1,size1,795,12:42:17,487,res16,18.5
796,mexicana_m,1,size2,796,12:43:09,323,res12,16
797,peppr_salami_m,1,size2,797,12:50:01,300,res12,16.5
797,prsc_argla_m,1,size2,797,12:50:01,300,res12,16.5
797,veggie_veg_m,1,size2,797,12:50:01,300,res12,16
798,five_cheese_l,1,size1,798,12:50:30,180,res12,18.5
798,green_garden_s,1,size3,798,12:50:30,180,res12,12
798,soppressata_s,1,size3,798,12:50:30,180,res12,12.5
798,spinach_fet_m,1,size2,798,12:50:30,180,res12,16
799,ital_supr_m,1,size2,799,12:51:29,355,res10,16.5
799,pep_msh_pep_s,1,size3,799,12:51:29,355,res10,11
799,thai_ckn_m,1,size2,799,12:51:29,355,res10,16.75
800,calabrese_l,2,size1,800,12:54:35,28,res6,40.5
800,hawaiian_s,1,size3,800,12:54:35,28,res6,10.5
800,ital_veggie_s,1,size3,800,12:54:35,28,res6,12.75
800,napolitana_s,1,size3,800,12:54:35,28,res6,12
800,southw_ckn_s,2,size3,800,12:54:35,28,res6,25.5
800,spicy_ital_l,1,size1,800,12:54:35,28,res6,20.75
801,bbq_ckn_m,1,size2,801,13:10:53,454,res17,16.75
801,classic_dlx_l,1,size1,801,13:10:53,454,res17,20.5
801,classic_dlx_s,1,size3,801,13:10:53,454,res17,12
801,ital_supr_m,1,size2,801,13:10:53,454,res17,16.5
801,napolitana_l,1,size1,801,13:10:53,454,res17,20.5
801,sicilian_l,1,size1,801,13:10:53,454,res17,20.25
801,sicilian_s,2,size3,801,13:10:53,454,res17,24.5
801,southw_ckn_l,1,size1,801,13:10:53,454,res17,20.75
801,southw_ckn_s,1,size3,801,13:10:53,454,res17,12.75
801,spin_pesto_l,1,size1,801,13:10:53,454,res17,20.75
801,spinach_supr_l,1,size1,801,13:10:53,454,res17,20.75
801,thai_ckn_l,1,size1,801,13:10:53,454,res17,20.75
802,ckn_alfredo_s,1,size3,802,13:23:47,178,res12,12.75
802,hawaiian_s,1,size3,802,13:23:47,178,res12,10.5
803,ital_supr_m,1,size2,803,13:37:51,341,res11,16.5
804,prsc_argla_s,1,size3,804,13:42:01,117,res7,12.5
805,big_meat_s,1,size3,805,14:07:52,68,res5,12
805,four_cheese_m,1,size2,805,14:07:52,68,res5,14.75
806,bbq_ckn_l,1,size1,806,14:12:22,331,res8,20.75
807,big_meat_s,1,size3,807,14:15:29,428,res17,12
808,peppr_salami_l,2,size1,808,14:15:32,97,res2,41.5
809,hawaiian_s,1,size3,809,14:26:17,86,res5,10.5
810,ital_veggie_m,1,size2,810,14:48:30,431,res17,16.75
811,veggie_veg_m,1,size2,811,14:48:56,201,res8,16
812,calabrese_s,1,size3,812,15:37:45,288,res11,12.25
812,pep_msh_pep_m,1,size2,812,15:37:45,288,res11,14.5
813,cali_ckn_s,1,size3,813,16:09:29,133,res10,12.75
813,southw_ckn_l,1,size1,813,16:09:29,133,res10,20.75
814,classic_dlx_s,1,size3,814,16:21:23,370,res17,12
814,veggie_veg_l,1,size1,814,16:21:23,370,res17,20.25
815,napolitana_l,1,size1,815,16:38:00,291,res8,20.5
816,southw_ckn_l,1,size1,816,17:04:08,224,res12,20.75
816,veggie_veg_l,1,size1,816,17:04:08,224,res12,20.25
817,classic_dlx_s,1,size3,817,17:10:38,499,res15,12
817,pepperoni_m,1,size2,817,17:10:38,499,res15,12.5
817,southw_ckn_l,1,size1,817,17:10:38,499,res15,20.75
817,thai_ckn_l,1,size1,817,17:10:38,499,res15,20.75
818,pep_msh_pep_s,1,size3,818,17:15:50,248,res8,11
818,sicilian_l,1,size1,818,17:15:50,248,res8,20.25
818,sicilian_s,1,size3,818,17:15:50,248,res8,12.25
819,bbq_ckn_m,1,size2,819,17:21:39,292,res8,16.75
819,sicilian_s,1,size3,819,17:21:39,292,res8,12.25
820,southw_ckn_l,1,size1,820,17:24:09,28,res6,20.75
820,spinach_supr_l,1,size1,820,17:24:09,28,res6,20.75
821,five_cheese_l,1,size1,821,17:37:26,434,res16,18.5
822,the_greek_xl,1,size4,822,17:38:53,279,res11,25.5
823,bbq_ckn_m,1,size2,823,17:42:17,176,res8,16.75
823,cali_ckn_m,1,size2,823,17:42:17,176,res8,16.75
823,the_greek_l,1,size1,823,17:42:17,176,res8,20.5
824,cali_ckn_l,1,size1,824,17:53:41,417,res14,20.75
824,classic_dlx_l,1,size1,824,17:53:41,417,res14,20.5
824,ital_supr_s,1,size3,824,17:53:41,417,res14,12.5
824,sicilian_l,1,size1,824,17:53:41,417,res14,20.25
825,five_cheese_l,1,size1,825,18:06:06,110,res2,18.5
825,sicilian_s,1,size3,825,18:06:06,110,res2,12.25
826,ckn_pesto_l,1,size1,826,18:06:14,430,res16,20.75
826,ital_supr_l,1,size1,826,18:06:14,430,res16,20.75
826,pepperoni_l,1,size1,826,18:06:14,430,res16,15.25
827,ckn_alfredo_m,1,size2,827,18:09:48,65,res3,16.75
827,napolitana_l,1,size1,827,18:09:48,65,res3,20.5
828,ckn_pesto_l,1,size1,828,18:23:55,122,res10,20.75
828,peppr_salami_l,1,size1,828,18:23:55,122,res10,20.75
829,napolitana_m,1,size2,829,18:27:42,460,res15,16
829,peppr_salami_m,1,size2,829,18:27:42,460,res15,16.5
829,spicy_ital_s,1,size3,829,18:27:42,460,res15,12.5
829,spinach_supr_s,1,size3,829,18:27:42,460,res15,12.5
830,hawaiian_m,1,size2,830,18:38:17,183,res8,13.25
830,ital_supr_m,1,size2,830,18:38:17,183,res8,16.5
830,pepperoni_m,1,size2,830,18:38:17,183,res8,12.5
831,calabrese_l,1,size1,831,18:38:20,276,res12,20.25
831,ckn_pesto_l,1,size1,831,18:38:20,276,res12,20.75
831,ckn_pesto_m,1,size2,831,18:38:20,276,res12,16.75
831,classic_dlx_m,1,size2,831,18:38:20,276,res12,16
832,hawaiian_l,1,size1,832,18:47:06,122,res10,16.5
833,big_meat_s,1,size3,833,19:07:45,159,res11,12
833,napolitana_s,1,size3,833,19:07:45,159,res11,12
834,ckn_pesto_l,1,size1,834,19:25:16,334,res9,20.75
834,pepperoni_s,1,size3,834,19:25:16,334,res9,9.75
834,prsc_argla_s,1,size3,834,19:25:16,334,res9,12.5
834,spinach_fet_l,1,size1,834,19:25:16,334,res9,20.25
835,bbq_ckn_l,1,size1,835,19:56:01,67,res3,20.75
835,bbq_ckn_s,1,size3,835,19:56:01,67,res3,12.75
835,pepperoni_m,1,size2,835,19:56:01,67,res3,12.5
835,southw_ckn_l,1,size1,835,19:56:01,67,res3,20.75
836,five_cheese_l,1,size1,836,20:08:08,335,res11,18.5
836,four_cheese_l,1,size1,836,20:08:08,335,res11,17.95
836,hawaiian_s,1,size3,836,20:08:08,335,res11,10.5
836,the_greek_xl,1,size4,836,20:08:08,335,res11,25.5
837,ital_supr_m,1,size2,837,20:12:27,102,res4,16.5
838,ckn_alfredo_m,1,size2,838,20:33:57,384,res17,16.75
838,ital_supr_m,1,size2,838,20:33:57,384,res17,16.5
838,veggie_veg_m,1,size2,838,20:33:57,384,res17,16
839,mexicana_l,2,size1,839,20:40:40,199,res12,40.5
840,ital_supr_l,1,size1,840,20:46:12,71,res3,20.75
841,peppr_salami_l,1,size1,841,20:57:40,43,res1,20.75
842,spin_pesto_s,1,size3,842,21:09:39,260,res12,12.5
842,spinach_fet_m,1,size2,842,21:09:39,260,res12,16
842,spinach_supr_s,1,size3,842,21:09:39,260,res12,12.5
843,spinach_supr_m,1,size2,843,21:32:21,468,res17,16.5
844,veggie_veg_m,1,size2,844,21:36:58,57,res7,16
845,classic_dlx_l,1,size1,845,21:42:56,283,res12,20.5
845,five_cheese_l,1,size1,845,21:42:56,283,res12,18.5
845,ital_supr_m,1,size2,845,21:42:56,283,res12,16.5
845,southw_ckn_l,1,size1,845,21:42:56,283,res12,20.75
846,cali_ckn_l,1,size1,846,22:16:24,389,res14,20.75
846,five_cheese_l,1,size1,846,22:16:24,389,res14,18.5
847,pepperoni_m,1,size2,847,11:37:03,119,res7,12.5
848,big_meat_s,1,size3,848,11:56:46,219,res8,12
849,classic_dlx_m,1,size2,849,12:08:30,101,res4,16
849,sicilian_s,1,size3,849,12:08:30,101,res4,12.25
849,spicy_ital_l,1,size1,849,12:08:30,101,res4,20.75
849,spicy_ital_s,1,size3,849,12:08:30,101,res4,12.5
850,four_cheese_l,1,size1,850,12:15:35,382,res13,17.95
850,southw_ckn_l,1,size1,850,12:15:35,382,res13,20.75
850,thai_ckn_m,1,size2,850,12:15:35,382,res13,16.75
851,bbq_ckn_l,1,size1,851,12:20:22,171,res12,20.75
852,thai_ckn_m,1,size2,852,12:33:51,59,res3,16.75
853,pepperoni_m,1,size2,853,12:36:39,145,res8,12.5
854,pepperoni_s,1,size3,854,12:51:19,327,res9,9.75
854,soppressata_l,1,size1,854,12:51:19,327,res9,20.75
855,five_cheese_l,1,size1,855,12:56:54,412,res16,18.5
855,sicilian_m,1,size2,855,12:56:54,412,res16,16.25
855,southw_ckn_s,1,size3,855,12:56:54,412,res16,12.75
855,spin_pesto_m,1,size2,855,12:56:54,412,res16,16.5
855,veggie_veg_m,1,size2,855,12:56:54,412,res16,16
856,spicy_ital_l,1,size1,856,12:59:20,308,res11,20.75
857,napolitana_s,1,size3,857,13:01:53,438,res16,12
